<?xml version="1.0" encoding="utf-8"?> <root> <item> <fragment> Biofrid-Cosmetic GmbH &amp; Co. KG Herstellung Vertrieb diätetischen, kosmetischen pharmazeutischen Produkten » Startseite Login / Registrierung | Ihre persönliche Seite | Warenkorb | Kasse Suche Literatur Produkte Ätherische/fette Öle Kosmetik Nahrungsergänzung/erg.bil. Diät Liefer- Versandkosten Datenschutz Unsere AGB Impressum Kontakt Widerrufsrecht Widerrufsformular Newsletter Biofrid Cosmetic GmbH &amp; Co.KG Hasseler Steinweg 9 27318 Hoya Postfach 1355 27316 Hoya Telefon 04251 9352-396 Telefax 04251 9352-290 Social Bookmarks Herzlich Willkommen. Möchten Sie anmelden ? Oder Sie Kundenkonto eröffnen? Für Bestellung vorherige Registrierung notwendig. Ätherische/fette Öle Kosmetik Nahrungsergänzung/erg.bil. Diät Neue Artikel Probikehl Details Ab 10,90 EUR incl. 7 % UST exkl. Versandkosten RMS Biofrid Details Ab 18,00 EUR incl. 7 % UST exkl. Versandkosten Didier® Hautcreme Germanium Details Ab 19,90 EUR incl. 19 % UST exkl. Versandkosten Powered by First-Web * Gilt für Lieferungen Deutschland. Lieferzeiten für Länder Informationen Berechnung Liefertermins siehe </fragment> </item> <item> <fragment> Didier® Hautcreme Germanium - Biofrid-Cosmetic GmbH &amp; Co. KG Herstellung Vertrieb diätetischen, kosmetischen pharmazeutischen Produkten » Startseite Login / Registrierung | Ihre persönliche Seite | Warenkorb | Kasse Suche Literatur Produkte Ätherische/fette Öle Kosmetik Nahrungsergänzung/erg.bil. Diät Liefer- Versandkosten Datenschutz Unsere AGB Impressum Kontakt Widerrufsrecht Widerrufsformular Newsletter Biofrid Cosmetic GmbH &amp; Co.KG Hasseler Steinweg 9 27318 Hoya Postfach 1355 27316 Hoya Telefon 04251 9352-396 Telefax 04251 9352-290 Social Bookmarks [&lt;&lt;Erstes] [&lt;zurück] [weiter&gt;] [Letztes&gt;&gt;] 48 Artikel Kategorie Didier® Hautcreme Germanium Inhalt: 50 ml Art.Nr.: 27020050 PZN: 3919005 Preis: 19,90 EUR PAngV: 39,80 EUR pro 100 ml Gewicht: 0.16 Kg Ab 19,90 EUR incl. 19 % UST exkl. Versandkosten Lieferzeit: 3-7 Werktage* Art Produkts: Creme Verwendungszweck: Ausgleichende Feuchtigkeitscreme für Hauttyp Sanumgerman Beschreibung: • verleiht gepflegtes Aussehen strahlenden Teint • spendet Feuchtigkeit für empfindliche Haut geeignet • enthält Germanium, Nachtkerzenöl, Allantoin, Vitamin E Panthenol Didier® Hautcreme Germanium hochwertige Feuchtigkeitscreme Tages- Nachtpflege für Hauttyp eignet insbesondere für reife empfindliche Haut. Die Kombination Sanumgerman Nachtkerzenöl Haut straffenden Feuchtigkeit spendenden Eigenschaften sorgt für Kräftigung Hautstruktur. Wertvolle Zusätze Vitamin E, Allantoin Panthenol runden perfekte Dosierung ausgleichenden Pflegecreme ab. Die fettende, zart schmelzende Creme Haut glatt geschmeidig verleiht strahlendes Aussehen. Zur Steigerung pflegenden Wirkung empfehlen zusätzlich Verwendung Didier® Badeperlen Germanium . Zur Steigerung pflegenden Wirkung empfehlen zusätzlich Verwendung Didier® Badeperlen Germanium. Anwendung: Morgens abends sparsam Gesicht, Hals Dekolleté auftragen sanft einmassieren. Hinweis: Parfum Inhaltsstoffe: Aqua (Water), Cocos Nucifera (Coconut) Oil, Aloe Barbadensis Leaf Juice, Cetearyl Alcohol, Macadamia Integrifolia Seed Oil, Butyrospermum Parkii (Shea) Butter, Glycerin, Dicaprylyl Ether, Argania Spinosa Kernel Oil, Glyceryl Stearate, Panthenol, Tocopheryl Acetate, Cetearyl Glucoside, Oenothera Biennis (Eyening Primrose) Oil, Germanium-Citrate-Lactate Powder, Sodium Hyaluronate, Allantoin, Helianthus Annuus (Sunflower) Seed Oil, Glyceryl Caprylate, Medicago Sativa (Alfalfa) Extract, Sodium Stearoyl Glutamate, Sodium Levulinate, Levulinic Acid, Tocopherol, Ascorbyl Palmitate, Sodium Phytate, Alcohol, Citric Acid, Sodium Benzoate, Potassium Sorbate. Kunden, Artikel kauften, folgende Artikel gekauft: Cajeputöl, kbA Ab 6,90 EUR incl. 19 % UST exkl. Versandkosten Rosengeranienöl, kbA Ab 7,70 EUR incl. 19 % UST exkl. Versandkosten Palmarosaöl, kbA Ab 5,90 EUR incl. 19 % UST exkl. Versandkosten Jojobaöl, kbA Ab 6,90 EUR incl. 19 % UST exkl. Versandkosten Zink-diet Biofrid Ab 9,00 EUR incl. 7 % UST exkl. Versandkosten Selen-Biofrid Ab 5,50 EUR incl. 7 % UST exkl. Versandkosten Powered by First-Web * Gilt für Lieferungen Deutschland. Lieferzeiten für Länder Informationen Berechnung Liefertermins siehe </fragment> </item> <item> <fragment> rechtsdrehende Milchsäure RMS Biofrid - Biofrid-Cosmetic GmbH &amp; Co. KG Herstellung Vertrieb diätetischen, kosmetischen pharmazeutischen Produkten » Startseite Login / Registrierung | Ihre persönliche Seite | Warenkorb | Kasse Suche Literatur Produkte Ätherische/fette Öle Kosmetik Nahrungsergänzung/erg.bil. Diät Liefer- Versandkosten Datenschutz Unsere AGB Impressum Kontakt Widerrufsrecht Widerrufsformular Newsletter Biofrid Cosmetic GmbH &amp; Co.KG Hasseler Steinweg 9 27318 Hoya Postfach 1355 27316 Hoya Telefon 04251 9352-396 Telefax 04251 9352-290 Social Bookmarks [&lt;&lt;Erstes] [&lt;zurück] [weiter&gt;] [Letztes&gt;&gt;] 54 Artikel Kategorie RMS Biofrid Inhalt: 100 ml Art.Nr.: 96707 PZN: 10132470 Preis: 18,00 EUR PAngV: 180,00 EUR pro Liter Gewicht: 0.24 Kg Ab 18,00 EUR incl. 7 % UST exkl. Versandkosten Lieferzeit: 3-7 Werktage* Nahrungsergänzungsmittel Zutaten: Wasser, Milchsäure (25 %). Füllmenge: 100 ml (entsprechen 135 Tagesdosen á 20 Tropfen bzw. 45 Tagesdosen á 60 Tropfen) Verzehrempfehlung: 1-3 mal täglich 20 Tropfen verdünnt Wasser Tee einnehmen. Hinweis Die angegebene empfohlene tägliche Verzehrmenge überschritten werden. Nahrungsergänzungsmittel Ersatz für ausgewogene abwechslungsreiche Ernährung gesunde Lebensweise verwendet werden. Bitte außerhalb Reichweite Kindern lagern. Nicht unverdünnt einnehmen. Nährstofftabelle: Nährstoff pro 100 ml pro 20 Tropfen pro 3 20 (= 60) Tropfen L(+)-Milchsäure 25 185 mg 555 mg *) *) Referenzmenge gemäß Lebensmittelinformationsverordnung Nährwerttabelle Brennwert 325 kJ/ 2,4 kJ/ 7,2 kJ/ 75 kcal 0,6 kcal 1,7 kcal Fett 0 0 0 * gesättigte Fettsäuren 0 0 0 Kohlenhydrate 0 0 0 * Zucker 0 0 0 Eiweiß 0 0 0 Salz 0 0 0 Allergene enthalten Hersteller: Sanum-Kehlbeck GmbH &amp; Co. KG, Hasseler Steinweg 9, 27318 Hoya Kunden, Artikel kauften, folgende Artikel gekauft: Teebaumöl, kbA Ab 6,90 EUR incl. 19 % UST exkl. Versandkosten Jojobaöl, kbA Ab 6,90 EUR incl. 19 % UST exkl. Versandkosten Didier® Nachtkerzen-Vitamin E Lotion Ab 10,60 EUR incl. 19 % UST exkl. Versandkosten Nachtkerzenöl Kapseln Ab 10,20 EUR incl. 7 % UST exkl. Versandkosten Zedernöl, kbA Ab 8,50 EUR incl. 19 % UST exkl. Versandkosten Didier® Badeperlen Germanium Ab 19,90 EUR incl. 19 % UST exkl. Versandkosten Powered by First-Web * Gilt für Lieferungen Deutschland. Lieferzeiten für Länder Informationen Berechnung Liefertermins siehe </fragment> </item> <item> <fragment> Liefer- Versandkosten Liefer- Versandkosten Versand Deutschland (inkl. MwSt) : Die Ware Bestellwert 110,00 Euro versandkostenfrei geliefert, ansonsten berechnen Versandkosten gemäß nachstehenden Tabelle Gewicht bestellten Ware. Die Versendung erfolgt innerhalb Deutschland GLS. Gewichtsklasse Versandkosten (inkl. MwSt.) bis   1,0 kg 4,20 € über   1,0 kg bis   2,0 kg 4,60 € über   2,0 kg bis   5,0 kg 4,90 € über   5,0 kg 10,0 kg 5,60 € über 10,0 kg 25,0 kg 8,50 € über 25,0 kg 30,0 kg 9,20 € über 30,0 kg 40,0 kg 15,90 € Versand Europa Welt (inkl. MwSt) : Außerhalb Deutschlands erfolgt Versand per Post, GLS und DHL. Bei Sendungen 2 Kilo 500 Gramm Verpackung hinzugerechnet. Bei Sendungen 2 Kilo 25% bestellten Gewichts Verpackung hinzugerechnet. Versand Zone 1 Zone 2 Zone 3 Zone 4 bis      1 kg 17,00 € 17,00 € 17,00 € 17,00 € 1 kg -   2 kg 27,00 € 27,00 € 27,00 € 27,00 € 2 kg -   5 kg 18,00 € 32,00 € 38,00 € 45,00 € 5 kg - 10 kg 24,00 € 37,00 € 50,00 € 62,00 € 10 kg - 20 kg 34,00 € 52,00 € 71,00 € 95,00 € Achtung: versenden grundsätzlich bis 2,0 Kilo Maxibrief ab 2,0 Kilo Paket, Sendungsverfolgung möglich ist. Bis 5,0 kg würden somit Zone 1 = 18,00 Euro Versandkosten anfallen. Sollten Sie Fragen diesbezüglich haben, nehmen Sie bitte Kontakt auf. Lieferzeiten Information über Lieferzeiten: Die Frist für Lieferung Waren beginnt Zahlung per Vorkasse Tag Erteilung Zahlungsauftrags überweisende Kreditinstitut, Zahlung Rechnung Tag Vertragsschluss laufen endet Ablauf letzten Tages Frist. Fällt letzte Tag Frist Samstag, Sonntag Lieferort staatlich anerkannten Feiertag, Stelle Tages nächste Werktag. Lieferzeiten: Die Lieferzeit Deutschland erfolgt innerhalb 3-7 Werktagen. In nachfolgenden Tabelle finden Sie Lieferzeiten für Versand Länder, Sie jeweiligen Artikel angegebenen Lieferzeit hinzurechnen müssen. Versand Zone 1 Zone 2 Zone 3 Zone 4 zusätzliche Lieferzeit +14 +21 +21 +28 Zone 1: Europa I Andorra, Azoren, Belgien, Dänemark, Färöer (DK), Finnland, Frankreich, Griechenland, Grönland, Großbritannien, Guernsey, Irland, Italien, Jersey, Liechtenstein, Luxemburg, Monaco, Niederlande, Österreich, Polen, Portugal, San Marino, Schweden, Slowakei, Spanien (inklusive Balearen), Tschechische Republik, Vatikanstadt. Zone 2: Europa II Albanien, Armenien, Aserbaidschan, Belarus (Weißrussland), Bosnien Herzegowina, Bulgarien, Estland, Georgien, Island, Jugoslawien, Kanarische Inseln, Kasachstan, Kosovo, Kroatien, Lettland, Litauen, Mazedonien, Malta, Montenegro, Norwegen, Rumänien, Russische Föderation, Schweiz, Serbien, Slowenien, Türkei, Ukraine, Ungarn, Zypern. Zone 3: Welt I Ägypten, Algerien, Bahrain, Irak, Iran, Israel, Jemen, Jordanien, Kanada, Katar, Kuwait, Libanon, Libyen, Marokko, Oman, Saudi-Arabien, St. Pierre Miquelon, Syrien, Tunesien, USA, Vereinigte Arabische Emirate. Zone 4: Welt II Hierzu gehören Länder, übrigen Zonen eingeordnet sind. Wenn Sie Ihr Zielland Regionen auffinden, fällt Zone TEXT_CLOSE_WINDOW_NO_JS </fragment> </item> <item> <fragment> Probikehl - Biofrid-Cosmetic GmbH &amp; Co. KG Herstellung Vertrieb diätetischen, kosmetischen pharmazeutischen Produkten » Startseite Login / Registrierung | Ihre persönliche Seite | Warenkorb | Kasse Suche Literatur Produkte Ätherische/fette Öle Kosmetik Nahrungsergänzung/erg.bil. Diät Liefer- Versandkosten Datenschutz Unsere AGB Impressum Kontakt Widerrufsrecht Widerrufsformular Newsletter Biofrid Cosmetic GmbH &amp; Co.KG Hasseler Steinweg 9 27318 Hoya Postfach 1355 27316 Hoya Telefon 04251 9352-396 Telefax 04251 9352-290 Social Bookmarks [&lt;&lt;Erstes] [&lt;zurück] [weiter&gt;] [Letztes&gt;&gt;] 54 Artikel Kategorie Probikehl Inhalt: 20 Kapseln Art.Nr.: 72811020 PZN: 11160758 Preis: 10,90 EUR PAngV: 0,55 EUR pro Stück Gewicht: 0.02 Kg 40 Kapseln Art.Nr.: 72811040 PZN: 11160764 Preis: 19,90 EUR PAngV: 0,50 EUR pro Stück Gewicht: 0.032 Kg Ab 10,90 EUR incl. 7 % UST exkl. Versandkosten Lieferzeit: 3-7 Werktage* Hersteller: SANUM-Kehlbeck GmbH &amp; Co. KG Bezeichnung: Nahrungsergänzungsmittel Probiotika-Stämmen Präbiotika Inulin Fructo-Oligosacchariden Zutaten: Maisstärke, Überzugsmittel: Hydroxypropylmethylcellulose (Kapselhülle), Maltodextrin, Inulin, Kaliumchlorid, Magnesiumsulfat, Fructo-Oligosaccharide, Amylase, Lactobacillus acidophilus W22, Lactobacillus paracasei W20, Lactococcus lactis W19, Bifidobacterium lactis W52, Bifidobacterium lactis W51, Lactobacillus salivarius W24, Lactobacillus plantarum W21, Vanillepulver, Mangansulfat Füllmenge: 5,5 (20 Kapseln) 11,0 (40 Kapseln) Verzehrempfehlung: 2 mal täglich 2 Kapseln Mahlzeit weiterer Text Faltschachtel PROBIKEHL® enthält synergetische Kombination Probiotika Präbiotika: Lactobacillus plantarum W21, Lactobacillus acidophilus W22, Lactobacillus paracasei W20, Lactobacillus salivarius W24, Lactococcus lactis W19, Bifidobacterium lactis W51, Bifidobacterium lactis W52, Inulin Fructo-Oligosaccharide. Stressfaktoren, unausgewogene Ernährung, Infektionen Medikamenteneinnahme können Darmflora Gleichgewicht bringen. Probiotische Kulturen dafür Herstellung intakten Darmflora unterstützen. Wichtiger Hinweis: Die Einnahme PROBIKEHL® Ersatz für abwechslungsreiche ausgewogene Ernährung gesunde Lebensweise. Die angegebene Tagesdosis überschreiten. Für Kinder unzugänglich aufbewahren. Nährstofftabelle: Nährstoff pro 100 Kapseln 2 Kapseln 4 Kapseln Gesamtzahl Probiotika** ≥ 7,3 10 10 KBE* ≥ 0,4 10 9 KBE* ≥ 0,8 10 9 KBE* *) Zeitpunkt Herstellung **) Referenzmengen festgelegt Nährwerttabelle Nährwert 100 Kapseln 2 Kapseln 4 Kapseln Energie 1052 kJ 5,8 kJ 11,6 kJ 251 kcal 1,4 kcal 2,8 kcal Fett 0,1 &lt; 0,01 &lt; 0,01 * gesättigte Fettsäuren &lt; 0,1 &lt; 0,01 &lt; 0,01 Kohlenhydrate 62,4 0,34 0,69 * Zucker 2,1 0,01 0,02 Eiweiß 0,3 &lt; 0,01 &lt; 0,01 Salz 0,01 &lt; 0,01 &lt; 0,01 Allergene enthalten Powered by First-Web * Gilt für Lieferungen Deutschland. Lieferzeiten für Länder Informationen Berechnung Liefertermins siehe </fragment> </item> <item> <fragment> rechtsdrehende Milchsäure RMS Biofrid - Biofrid-Cosmetic GmbH &amp; Co. KG Herstellung Vertrieb diätetischen, kosmetischen pharmazeutischen Produkten » Startseite Login / Registrierung | Ihre persönliche Seite | Warenkorb | Kasse Suche Literatur Produkte Ätherische/fette Öle Kosmetik Nahrungsergänzung/erg.bil. Diät Liefer- Versandkosten Datenschutz Unsere AGB Impressum Kontakt Widerrufsrecht Widerrufsformular Newsletter Biofrid Cosmetic GmbH &amp; Co.KG Hasseler Steinweg 9 27318 Hoya Postfach 1355 27316 Hoya Telefon 04251 9352-396 Telefax 04251 9352-290 Social Bookmarks [&lt;&lt;Erstes] [&lt;zurück] [weiter&gt;] [Letztes&gt;&gt;] 54 Artikel Kategorie RMS Biofrid Inhalt: 100 ml Art.Nr.: 96707 PZN: 10132470 Preis: 18,00 EUR PAngV: 180,00 EUR pro Liter Gewicht: 0.24 Kg Ab 18,00 EUR incl. 7 % UST exkl. Versandkosten Lieferzeit: 3-7 Werktage* Nahrungsergänzungsmittel Zutaten: Wasser, Milchsäure (25 %). Füllmenge: 100 ml (entsprechen 135 Tagesdosen á 20 Tropfen bzw. 45 Tagesdosen á 60 Tropfen) Verzehrempfehlung: 1-3 mal täglich 20 Tropfen verdünnt Wasser Tee einnehmen. Hinweis Die angegebene empfohlene tägliche Verzehrmenge überschritten werden. Nahrungsergänzungsmittel Ersatz für ausgewogene abwechslungsreiche Ernährung gesunde Lebensweise verwendet werden. Bitte außerhalb Reichweite Kindern lagern. Nicht unverdünnt einnehmen. Nährstofftabelle: Nährstoff pro 100 ml pro 20 Tropfen pro 3 20 (= 60) Tropfen L(+)-Milchsäure 25 185 mg 555 mg *) *) Referenzmenge gemäß Lebensmittelinformationsverordnung Nährwerttabelle Brennwert 325 kJ/ 2,4 kJ/ 7,2 kJ/ 75 kcal 0,6 kcal 1,7 kcal Fett 0 0 0 * gesättigte Fettsäuren 0 0 0 Kohlenhydrate 0 0 0 * Zucker 0 0 0 Eiweiß 0 0 0 Salz 0 0 0 Allergene enthalten Hersteller: Sanum-Kehlbeck GmbH &amp; Co. KG, Hasseler Steinweg 9, 27318 Hoya Kunden, Artikel kauften, folgende Artikel gekauft: Teebaumöl, kbA Ab 6,90 EUR incl. 19 % UST exkl. Versandkosten Jojobaöl, kbA Ab 6,90 EUR incl. 19 % UST exkl. Versandkosten Didier® Nachtkerzen-Vitamin E Lotion Ab 10,60 EUR incl. 19 % UST exkl. Versandkosten Nachtkerzenöl Kapseln Ab 10,20 EUR incl. 7 % UST exkl. Versandkosten Zedernöl, kbA Ab 8,50 EUR incl. 19 % UST exkl. Versandkosten Didier® Badeperlen Germanium Ab 19,90 EUR incl. 19 % UST exkl. Versandkosten Powered by First-Web * Gilt für Lieferungen Deutschland. Lieferzeiten für Länder Informationen Berechnung Liefertermins siehe </fragment> </item> <item> <fragment> Biofrid-Cosmetic GmbH &amp; Co. KG Herstellung Vertrieb diätetischen, kosmetischen pharmazeutischen Produkten » Startseite Login / Registrierung | Ihre persönliche Seite | Warenkorb | Kasse Suche Literatur Produkte Ätherische/fette Öle Kosmetik Nahrungsergänzung/erg.bil. Diät Liefer- Versandkosten Datenschutz Unsere AGB Impressum Kontakt Widerrufsrecht Widerrufsformular Newsletter Biofrid Cosmetic GmbH &amp; Co.KG Hasseler Steinweg 9 27318 Hoya Postfach 1355 27316 Hoya Telefon 04251 9352-396 Telefax 04251 9352-290 Social Bookmarks Informationen Ihrem Kundenkonto Ihre persönlichen Daten * notwendige Informationen Anrede: Herr Frau * Titel: Dr.med. Dr.med.dent. Dr.med.vet. Vorname: * Nachname: * Geburtsdatum: * (zB. 21.05.1970) E-Mail-Adresse: * Die Nutzung AOL Adressen leider möglich. E-Mail-Adresse wiederholen: * Firmendaten Firmenname: UstID: Nur für Deutschland EU! (notwendig für Händlerkonditionen; sofern UstIdNr, Bitte Rücksprache Bestellung) Ihre Adresse Straße/Nr.: * Postleitzahl: * Ort: * Land: Afghanistan Albania Algeria American Samoa Andorra Angola Anguilla Antarctica Antigua and Barbuda Argentina Armenia Aruba Australia Azerbaijan Bahamas Bahrain Bangladesh Barbados Belarus Belgium Belize Benin Bermuda Bhutan Bolivia Bosnia and Herzegowina Botswana Bouvet Island Brazil British Indian Ocean Territory Brunei Darussalam Bulgaria Burkina Faso Burundi Cambodia Cameroon Canada Cape Verde Cayman Islands Central African Republic Chad Chile China Christmas Island Cocos (Keeling) Islands Colombia Comoros Congo Cook Islands Costa Rica Cote D'Ivoire Croatia Cuba Cyprus Czech Republic Denmark Deutschland Djibouti Dominica Dominican Republic East Timor Ecuador Egypt El Salvador Equatorial Guinea Eritrea Estonia Ethiopia Falkland Islands (Malvinas) Faroe Islands Fiji Finland France France, Metropolitan French Guiana French Polynesia French Southern Territories Gabon Gambia Georgia Ghana Gibraltar Greece Greenland Grenada Guadeloupe Guam Guatemala Guinea Guinea-bissau Guyana Haiti Heard and Mc Donald Islands Honduras Hong Kong Hungary Iceland India Indonesia Iran (Islamic Republic of) Iraq Ireland Israel Italy Jamaica Japan Jordan Kazakhstan Kenya Kiribati Korea, Democratic People's Republic of Korea, Republic of Kuwait Kyrgyzstan Lao People's Democratic Republic Latvia Lebanon Lesotho Liberia Libyan Arab Jamahiriya Liechtenstein Lithuania Luxembourg Macau Macedonia, The Former Yugoslav Republic of Madagascar Malawi Malaysia Maldives Mali Malta Marshall Islands Martinique Mauritania Mauritius Mayotte Mexico Micronesia, Federated States of Moldova, Republic of Monaco Mongolia Montserrat Morocco Mozambique Myanmar Namibia Nauru Nepal Netherlands Antilles New Caledonia New Zealand Nicaragua Niger Nigeria Niue Norfolk Island Northern Mariana Islands Norway Oman Pakistan Palau Panama Papua New Guinea Paraguay Peru Philippines Pitcairn Poland Portugal Puerto Rico Qatar Reunion Romania Russian Federation Rwanda Saint Kitts and Nevis Saint Lucia Saint Vincent and the Grenadines Samoa San Marino Sao Tome and Principe Saudi Arabia Senegal Seychelles Sierra Leone Singapore Slovakia (Slovak Republic) Slovenia Solomon Islands Somalia South Africa South Georgia and the South Sandwich Islands Spain Sri Lanka St. Helena St. Pierre and Miquelon Sudan Suriname Svalbard and Jan Mayen Islands Swaziland Sweden Syrian Arab Republic Taiwan Tajikistan Tanzania, United Republic of Thailand Togo Tokelau Tonga Trinidad and Tobago Tunisia Turkey Turkmenistan Turks and Caicos Islands Tuvalu Uganda Ukraine United Arab Emirates United Kingdom United States United States Minor Outlying Islands Uruguay Uzbekistan Vanuatu Vatican City State (Holy See) Venezuela Viet Nam Virgin Islands (British) Virgin Islands (U.S.) Wallis and Futuna Islands Western Sahara Yemen Yugoslavia Zaire Zambia Zimbabwe * Bundesland: Bitte wählen Sie Land aus... Ihre Kontaktinformationen Telefonnummer: * Handynummer: Telefaxnummer: Sichern Sie Ihre Informationen Passwort (min. 5 Zeichen) Ihr Passwort: * Passwort bestätigen: * Einstellungen Newsletter: Bitte vergewissern Sie sich, folgende Angaben Ihnen stets Wahrheit entsprechen aktuellen Stand sind! Fachgebiete: Apotheker/in Arzt/Ärztin Heilpraktiker/in Heilpraktikeranwärter/in Medizinstudent/in Tierarzt/Tierärztin Tierheilpraktiker/in Zahnarzt/Zahnärztin Therapeutenverzeichnis: Durch Ankreuzen nebenstehenden Feldes Sie Möglichkeit, Tierarzt/Tierärztin zusätzlich Therapeutenverzeichnis aufgenommen werden. Dies ermöglicht potentiellen Patienten Kollegen, Sie direkt über Internet kontaktieren. Für Aufnahme Sie über mindestens zweijährige Erfahrung SANUM-Therapie verfügen. Praxisadresse Telefonnummer: Telefaxnummer: Straße/Nr.: Postleitzahl: Ort: Land: Afghanistan Albania Algeria American Samoa Andorra Angola Anguilla Antarctica Antigua and Barbuda Argentina Armenia Aruba Australia Azerbaijan Bahamas Bahrain Bangladesh Barbados Belarus Belgium Belize Benin Bermuda Bhutan Bolivia Bosnia and Herzegowina Botswana Bouvet Island Brazil British Indian Ocean Territory Brunei Darussalam Bulgaria Burkina Faso Burundi Cambodia Cameroon Canada Cape Verde Cayman Islands Central African Republic Chad Chile China Christmas Island Cocos (Keeling) Islands Colombia Comoros Congo Cook Islands Costa Rica Cote D'Ivoire Croatia Cuba Cyprus Czech Republic Denmark Deutschland Djibouti Dominica Dominican Republic East Timor Ecuador Egypt El Salvador Equatorial Guinea Eritrea Estonia Ethiopia Falkland Islands (Malvinas) Faroe Islands Fiji Finland France France, Metropolitan French Guiana French Polynesia French Southern Territories Gabon Gambia Georgia Ghana Gibraltar Greece Greenland Grenada Guadeloupe Guam Guatemala Guinea Guinea-bissau Guyana Haiti Heard and Mc Donald Islands Honduras Hong Kong Hungary Iceland India Indonesia Iran (Islamic Republic of) Iraq Ireland Israel Italy Jamaica Japan Jordan Kazakhstan Kenya Kiribati Korea, Democratic People's Republic of Korea, Republic of Kuwait Kyrgyzstan Lao People's Democratic Republic Latvia Lebanon Lesotho Liberia Libyan Arab Jamahiriya Liechtenstein Lithuania Luxembourg Macau Macedonia, The Former Yugoslav Republic of Madagascar Malawi Malaysia Maldives Mali Malta Marshall Islands Martinique Mauritania Mauritius Mayotte Mexico Micronesia, Federated States of Moldova, Republic of Monaco Mongolia Montserrat Morocco Mozambique Myanmar Namibia Nauru Nepal Netherlands Antilles New Caledonia New Zealand Nicaragua Niger Nigeria Niue Norfolk Island Northern Mariana Islands Norway Oman Pakistan Palau Panama Papua New Guinea Paraguay Peru Philippines Pitcairn Poland Portugal Puerto Rico Qatar Reunion Romania Russian Federation Rwanda Saint Kitts and Nevis Saint Lucia Saint Vincent and the Grenadines Samoa San Marino Sao Tome and Principe Saudi Arabia Senegal Seychelles Sierra Leone Singapore Slovakia (Slovak Republic) Slovenia Solomon Islands Somalia South Africa South Georgia and the South Sandwich Islands Spain Sri Lanka St. Helena St. Pierre and Miquelon Sudan Suriname Svalbard and Jan Mayen Islands Swaziland Sweden Syrian Arab Republic Taiwan Tajikistan Tanzania, United Republic of Thailand Togo Tokelau Tonga Trinidad and Tobago Tunisia Turkey Turkmenistan Turks and Caicos Islands Tuvalu Uganda Ukraine United Arab Emirates United Kingdom United States United States Minor Outlying Islands Uruguay Uzbekistan Vanuatu Vatican City State (Holy See) Venezuela Viet Nam Virgin Islands (British) Virgin Islands (U.S.) Wallis and Futuna Islands Western Sahara Yemen Yugoslavia Zaire Zambia Zimbabwe Bundesland: Bitte wählen Sie Land aus! Bild: max. Bildergrösse 1Megabyte Homepage: Spezialgebiet / Fachbereich: Sprechzeiten: Spezielle Diagnose- Therapieverfahren: Akupunktur Allgemeinmedizin Aromatherapie Augenheilkunde Augenheilkunde Bachblüten Biochemie Schüssler Chiropraktik Colon-Hydro-Therapie Craniosacrale Therapie Dorn-Breuss-Methode Dunkelfeldmikroskopie Eigenbluttherapie Elektroakupunktur Voll Endokrinologie Frauenheilkunde Fußreflexzonentherapie Hals-Nasen-Ohrenkunde Hautkrankheiten Hämatologie u. Onkologie Homöopathie Innere Medizin Irisdiagnostik Kardiologie Kiefer-Gesichtschirurgie Kinder-und Jugendmedizin Kinesiologie Nephrologie Neuraltherapie Neurologie Orthomolekulare Medizin Orthopädie Osteopathie Physiotherapie Phytotherapie Pneumologie Psychokinesiologie Psychotherapie Rheumatologie SANUM-Therapie Spenglersan-Test Tiermedizin: Großtiere Tiermedizin: Heimtiere Tiermedizin: Kleintiere Tiermedizin: Vögel Trad. Chinesische Medizin Urologie Zahnheilkunde Ich akzeptiere Ihre Datenschutzrichtlinien. [Mehr] Die Nutzung AOL Adressen leider möglich. Sehr geehrter AOL-Kunde, leider sperrt AOL weltweit Empfang E-Mails diversen Servern. Da Server Kategorie fällt, leider technisch möglich, Ihnen E-Mails Ihre AOL-Adresse zukommen lassen. Wir bedauern Unannehmlichkeit bitten Sie, E-Mail Adresse Registrierung benutzen. Vielen Dank für Ihr Verständnis. Powered by First-Web * Gilt für Lieferungen Deutschland. Lieferzeiten für Länder Informationen Berechnung Liefertermins siehe </fragment> </item> <item> <fragment> Biofrid-Cosmetic GmbH &amp; Co. KG Herstellung Vertrieb diätetischen, kosmetischen pharmazeutischen Produkten » Startseite Login / Registrierung | Ihre persönliche Seite | Warenkorb | Kasse Suche Literatur Produkte Ätherische/fette Öle Kosmetik Nahrungsergänzung/erg.bil. Diät Liefer- Versandkosten Datenschutz Unsere AGB Impressum Kontakt Widerrufsrecht Widerrufsformular Newsletter Biofrid Cosmetic GmbH &amp; Co.KG Hasseler Steinweg 9 27318 Hoya Postfach 1355 27316 Hoya Telefon 04251 9352-396 Telefax 04251 9352-290 Social Bookmarks Newsletter Sicherheitscode Sicherheitscode Herr Frau Ihr Vorname Ihr Nachname Ihre E-Mail-Adresse eintragen austragen Powered by First-Web * Gilt für Lieferungen Deutschland. Lieferzeiten für Länder Informationen Berechnung Liefertermins siehe </fragment> </item> <item> <fragment> - Biofrid-Cosmetic GmbH &amp; Co. KG Herstellung Vertrieb diätetischen, kosmetischen pharmazeutischen Produkten » Startseite Login / Registrierung | Ihre persönliche Seite | Warenkorb | Kasse Suche Literatur Produkte Ätherische/fette Öle Kosmetik Nahrungsergänzung/erg.bil. Diät Liefer- Versandkosten Datenschutz Unsere AGB Impressum Kontakt Widerrufsrecht Widerrufsformular Newsletter Biofrid Cosmetic GmbH &amp; Co.KG Hasseler Steinweg 9 27318 Hoya Postfach 1355 27316 Hoya Telefon 04251 9352-396 Telefax 04251 9352-290 Social Bookmarks Bestellung widerrufen Wenn Sie gesetzliche Widerrufsrecht für Ihre Bestellung unserem Shop ausüben möchten, können Sie folgende Formular Angabe Bestell-Nr. entsprechenden eMail-Adresse verwenden. Nach Absenden Formulars erhalten Sie automatische Bestätigung über Erhalt Widerrufs. Ihre Bestell-Nr.: Ihre eMail-Adresse: Powered by First-Web * Gilt für Lieferungen Deutschland. Lieferzeiten für Länder Informationen Berechnung Liefertermins siehe </fragment> </item> <item> <fragment> Widerrufsrecht - Biofrid-Cosmetic GmbH &amp; Co. KG Herstellung Vertrieb diätetischen, kosmetischen pharmazeutischen Produkten » Startseite Login / Registrierung | Ihre persönliche Seite | Warenkorb | Kasse Suche Literatur Produkte Ätherische/fette Öle Kosmetik Nahrungsergänzung/erg.bil. Diät Liefer- Versandkosten Datenschutz Unsere AGB Impressum Kontakt Widerrufsrecht Widerrufsformular Newsletter Biofrid Cosmetic GmbH &amp; Co.KG Hasseler Steinweg 9 27318 Hoya Postfach 1355 27316 Hoya Telefon 04251 9352-396 Telefax 04251 9352-290 Social Bookmarks Widerrufsrecht Widerrufsbelehrung für Verbraucher Verbrauchern steht Widerrufsrecht folgender Maßgabe zu, wobei Verbraucher natürliche Person ist, Rechtsgeschäft Zwecke abschließt, weder gewerblichen selbständigen beruflichen Tätigkeit zugerechnet können: Widerrufsbelehrung Widerrufsrecht Sie Recht, binnen vierzehn Tagen Angabe Gründen Vertrag widerrufen. Die Widerrufsfrist beträgt vierzehn Tage Tag Sie Ihnen benannter Dritter, Beförderer ist, letzte Ware Besitz genommen bzw. hat. Um Ihr Widerrufsrecht auszuüben, müssen Sie Biofrid-Cosmetic GmbH &amp; Co. KG, Hasseler Steinweg 9, 27318 Hoya; Tel.: 04251/9352-395; Fax: 04251/9352-290; info@biofrid.de mittels eindeutigen Erklärung (z. B. Post versandter Brief, Telefax E-Mail) über Ihren Entschluss, Vertrag widerrufen, informieren. Sie können dafür beigefügte Muster-Widerrufsformular verwenden, vorgeschrieben ist. Sie können Muster-Widerrufsformular eindeutige Erklärung Webseite www.biofrid.de elektronisch ausfüllen übermitteln. Machen Sie Möglichkeit Gebrauch, Ihnen unverzüglich (z. B. per E-Mail) Bestätigung über Eingang Widerrufs übermitteln.“ Zur Wahrung Widerrufsfrist reicht aus, Sie Mitteilung über Ausübung Widerrufsrechts Ablauf Widerrufsfrist absenden. Folgen Widerrufs Wenn Sie Vertrag widerrufen, Ihnen Zahlungen, Ihnen erhalten haben, einschließlich Lieferkosten (mit Ausnahme zusätzlichen Kosten, ergeben, Sie Art Lieferung angebotene, günstigste Standardlieferung gewählt haben), unverzüglich spätestens binnen vierzehn Tagen Tag zurückzuzahlen, Mitteilung über Ihren Widerruf Vertrags eingegangen ist. Für Rückzahlung verwenden Zahlungsmittel, Sie ursprünglichen Transaktion eingesetzt haben, denn, Ihnen ausdrücklich anderes vereinbart; Fall Ihnen Rückzahlung Entgelte berechnet. Wir können Rückzahlung verweigern, Waren zurückerhalten Sie Nachweis erbracht haben, Sie Waren zurückgesandt haben, nachdem, frühere Zeitpunkt ist. Sie Waren unverzüglich Fall spätestens binnen vierzehn Tagen Tag, Sie über Widerruf Vertrags unterrichten, zurückzusenden übergeben. Die Frist gewahrt, Sie Waren Ablauf Frist vierzehn Tagen absenden. Sie tragen unmittelbaren Kosten Rücksendung Waren. Sie müssen für etwaigen Wertverlust Waren aufkommen, Wertverlust Prüfung Beschaffenheit, Eigenschaften Funktionsweise Waren notwendigen Umgang zurückzuführen ist. Ende Widerrufsbelehrung Ausschluss Widerrufsrechts Lieferung Ton- Videoaufnahmen Computersoftware versiegelten Packung, Versiegelung Lieferung entfernt wurde. Allgemeine Hinweise 1. Bitte vermeiden Sie Beschädigungen Verunreinigungen Ware. Senden Sie Ware bitte möglichst Originalverpackung sämtlichem Zubehör Verpackungsbestandteilen zurück. Verwenden Sie ggf. schützende Umverpackung. Wenn Sie Originalverpackung besitzen, sorgen Sie bitte geeigneten Verpackung für ausreichenden Schutz Transportschäden. 2. Bitte beachten Sie, vorgenannte Ziffer 1 Voraussetzung für wirksame Ausübung Widerrufsrechts ist. Muster-Widerrufsformular (Wenn Sie Vertrag widerrufen wollen, füllen Sie bitte Formular senden Sie zurück.) - An Biofrid-Cosmetic GmbH &amp; Co. KG, Geschäftsführer: Reiner Kehlbeck, Heinfried Kehlbeck, Natascha Kehlbeck, Martin Stannat, Hasseler Steinweg 9, 27318 Hoya, Fax: 04251/9352-290, E-Mail: info@biofrid.de - Hiermit widerrufe(n) ich/ (*) mir/ (*) abgeschlossenen Vertrag über Kauf folgenden Waren (*)/die Erbringung folgenden Dienstleistung (*) - Bestellt (*)/ erhalten (*) - Name des/ Verbraucher(s) - Anschrift des/ Verbraucher(s) - Unterschrift des/ Verbraucher(s) (nur Mitteilung Papier) - Datum (*) Unzutreffendes streichen. Powered by First-Web * Gilt für Lieferungen Deutschland. Lieferzeiten für Länder Informationen Berechnung Liefertermins siehe </fragment> </item> <item> <fragment> Allgemeine Geschäftsbedingungen - Biofrid-Cosmetic GmbH &amp; Co. KG Herstellung Vertrieb diätetischen, kosmetischen pharmazeutischen Produkten » Startseite Login / Registrierung | Ihre persönliche Seite | Warenkorb | Kasse Suche Literatur Produkte Ätherische/fette Öle Kosmetik Nahrungsergänzung/erg.bil. Diät Liefer- Versandkosten Datenschutz Unsere AGB Impressum Kontakt Widerrufsrecht Widerrufsformular Newsletter Biofrid Cosmetic GmbH &amp; Co.KG Hasseler Steinweg 9 27318 Hoya Postfach 1355 27316 Hoya Telefon 04251 9352-396 Telefax 04251 9352-290 Social Bookmarks Allgemeine Geschäftsbedingungen Allgemeine Geschäftsbedingungen § 1 Geltungsbereich Für Geschäftsbeziehungen Besteller gelten Bestellungen über Internetshop nachfolgenden Allgemeinen Geschäftsbedingungen Zeitpunkt Bestellung gültigen Fassung. § 2 Vertragsschluss Die Darstellung Produkte unserem Internetauftritt beinhaltet lediglich Aufforderung Kunden Abgabe Vertragsangebotes. Indem Kunde Bestellung absendet, Angebot Sinne § 145 BGB ab. Der Kunde erhält Bestätigung Empfangs Bestellung per e-Mail. Auf mögliche Fehler Angaben Sortiment Internetseite Kunden ggf. gesondert hinweisen entsprechendes Gegenangebot unterbreiten. Der Kunde verzichtet Zugang Annahmeerklärung, § 151 S.1 BGB. Der Vertrag zustande, Angebot Kunden innerhalb 10 Tagen schriftlich Textform annehmen  bestellte Ware übersenden Kunde Vorkasse leistet. Für Fall vereinbarten Zahlungsart Vorkasse erklären Annahme Vertrages Zeitpunkt, Kunde Vorkasse leistet, Zahlung innerhalb 10 Tagen Absendung Bestellung erfolgt. Sie tragen unmittelbaren Kosten Rücksendung Ware. § 3 Kostentragung Sendungskosten Falle Ausübung Widerrufsrechtes Bei Ausübung Widerrufsrechtes, Ihnen Zahlungen, Ihnen erhalten haben, einschließlich Lieferkosten (mit Ausnahme zusätzlichen Kosten, ergeben, Sie Art Lieferung angebotene, günstigste Standardlieferung gewählt haben), unverzüglich spätestens binnen vierzehn Tagen Tag zurückzuzahlen, Mitteilung über Ihren Widerruf Vertrags eingegangen ist. Für Rückzahlung verwenden Zahlungsmittel, Sie ursprünglichen Transaktion eingesetzt haben, denn, Ihnen ausdrücklich anderes vereinbart; Fall Ihnen Rückzahlung Entgelte berechnet. Wir können Rückzahlung verweigern, Waren zurückerhalten Sie Nachweis erbracht haben, Sie Waren zurückgesandt haben, nachdem, frühere Zeitpunkt ist. Sie tragen unmittelbaren Kosten Rücksendung. § 4 Lieferung, Versandkosten, Gefahrenübergang Die Lieferung erfolgt jeweils Einzelfall ausgewiesenen Versandkosten. Sofern Kunde Verbraucher ist, tragen unabhängig Versandart Fall Versandrisiko. Sofern Kunde Unternehmer ist, Risiken Gefahren Versendung Kunden über, sobald Ware beauftragten Logistikpartner übergeben ist. § 5  Eigentumsvorbehalt Die gelieferte Ware bleibt vollständigen Bezahlung Kaufpreises Eigentum. § 6  Gewährleistung Die Gewährleistung richtet gesetzlichen Vorschriften. § 7 Verbraucherinformationen Fernabsatzverträgen über Erwerb Waren Speziellen vorstehend erwähnten Verhaltenskodizes unterliegen nicht. Etwaige Eingabefehler Abgabe Ihrer Bestellung können Sie abschließenden Bestätigung Kasse erkennen Hilfe Lösch- Änderungsfunktion Absendung Bestellung jederzeit korrigieren. Die wesentlichen Merkmale angebotenen Waren Gültigkeitsdauer befristeter Angebote entnehmen Sie bitte einzelnen Produktbeschreibungen Rahmen unseres Internetangebots. Die für Vertragsabschluss Verfügung stehende Sprache ausschließlich Deutsch. Beanstandungen Gewährleistungsansprüche können Sie Anbieterkennzeichnung angegebenen Adresse vorbringen. Den Vertragstext können Sie über Druckfunktion Ihres Browsers ausdrucken. Der Vertragstext Bestellungen unserem Internetshop für Kunden zugänglich. Der Vertragstext ferner gespeichert. Informationen Zahlung, Lieferung Erfüllung entnehmen Sie bitte Angebot. Sie erhalten Vertragsschluss automatisch E-mail Informationen Abwicklung Vertrages. Die automatische E-Mail enthält Bestell-Nr. Überweisung fälligen Rechnungsbetrages anzugeben ist. Die Bestell-Nr. Regel übereinstimmen Rechnungsnummer. § 8 Verschiedenes Auf Vertragsverhältnis Kunden jeweiligen Geschäftsbedingungen findet Recht Bundesrepublik Deutschland Anwendung. Sofern Kunde Verbraucher ist, bleiben Recht Aufenthaltslandes Kunden Gunsten Verbrauchers bestehenden geltenden gesetzlichen Regelungen Rechte Vereinbarung unberührt. Die Anwendung UN-Kaufrecht ausgeschlossen. Ausschließlicher Gerichtsstand Gericht unseres Geschäftssitzes soweit Kunde Kaufmann Sinne HGB Körperschaft öffentlichen Rechts ist. Wir Recht, Sitz Kunden klagen. § 9 Salvatorische Klausel Sollten einzelne Bestimmungen Vertrages teilweise rechtswirksam Rechtswirksamkeit später verlieren, Gültigkeit Vertrages Übrigen berührt. Diese Seite drucken Powered by First-Web * Gilt für Lieferungen Deutschland. Lieferzeiten für Länder Informationen Berechnung Liefertermins siehe </fragment> </item> <item> <fragment> Liefer- Versandkosten - Biofrid-Cosmetic GmbH &amp; Co. KG Herstellung Vertrieb diätetischen, kosmetischen pharmazeutischen Produkten » Startseite Login / Registrierung | Ihre persönliche Seite | Warenkorb | Kasse Suche Literatur Produkte Ätherische/fette Öle Kosmetik Nahrungsergänzung/erg.bil. Diät Liefer- Versandkosten Datenschutz Unsere AGB Impressum Kontakt Widerrufsrecht Widerrufsformular Newsletter Biofrid Cosmetic GmbH &amp; Co.KG Hasseler Steinweg 9 27318 Hoya Postfach 1355 27316 Hoya Telefon 04251 9352-396 Telefax 04251 9352-290 Social Bookmarks Liefer- Versandkosten Versand Deutschland (inkl. MwSt) : Die Ware Bestellwert 110,00 Euro versandkostenfrei geliefert, ansonsten berechnen Versandkosten gemäß nachstehenden Tabelle Gewicht bestellten Ware. Die Versendung erfolgt innerhalb Deutschland GLS. Gewichtsklasse Versandkosten (inkl. MwSt.) bis   1,0 kg 4,20 € über   1,0 kg bis   2,0 kg 4,60 € über   2,0 kg bis   5,0 kg 4,90 € über   5,0 kg 10,0 kg 5,60 € über 10,0 kg 25,0 kg 8,50 € über 25,0 kg 30,0 kg 9,20 € über 30,0 kg 40,0 kg 15,90 € Versand Europa Welt (inkl. MwSt) : Außerhalb Deutschlands erfolgt Versand per Post, GLS und DHL. Bei Sendungen 2 Kilo 500 Gramm Verpackung hinzugerechnet. Bei Sendungen 2 Kilo 25% bestellten Gewichts Verpackung hinzugerechnet. Versand Zone 1 Zone 2 Zone 3 Zone 4 bis      1 kg 17,00 € 17,00 € 17,00 € 17,00 € 1 kg -   2 kg 27,00 € 27,00 € 27,00 € 27,00 € 2 kg -   5 kg 18,00 € 32,00 € 38,00 € 45,00 € 5 kg - 10 kg 24,00 € 37,00 € 50,00 € 62,00 € 10 kg - 20 kg 34,00 € 52,00 € 71,00 € 95,00 € Achtung: versenden grundsätzlich bis 2,0 Kilo Maxibrief ab 2,0 Kilo Paket, Sendungsverfolgung möglich ist. Bis 5,0 kg würden somit Zone 1 = 18,00 Euro Versandkosten anfallen. Sollten Sie Fragen diesbezüglich haben, nehmen Sie bitte Kontakt auf. Lieferzeiten Information über Lieferzeiten: Die Frist für Lieferung Waren beginnt Zahlung per Vorkasse Tag Erteilung Zahlungsauftrags überweisende Kreditinstitut, Zahlung Rechnung Tag Vertragsschluss laufen endet Ablauf letzten Tages Frist. Fällt letzte Tag Frist Samstag, Sonntag Lieferort staatlich anerkannten Feiertag, Stelle Tages nächste Werktag. Lieferzeiten: Die Lieferzeit Deutschland erfolgt innerhalb 3-7 Werktagen. In nachfolgenden Tabelle finden Sie Lieferzeiten für Versand Länder, Sie jeweiligen Artikel angegebenen Lieferzeit hinzurechnen müssen. Versand Zone 1 Zone 2 Zone 3 Zone 4 zusätzliche Lieferzeit +14 +21 +21 +28 Zone 1: Europa I Andorra, Azoren, Belgien, Dänemark, Färöer (DK), Finnland, Frankreich, Griechenland, Grönland, Großbritannien, Guernsey, Irland, Italien, Jersey, Liechtenstein, Luxemburg, Monaco, Niederlande, Österreich, Polen, Portugal, San Marino, Schweden, Slowakei, Spanien (inklusive Balearen), Tschechische Republik, Vatikanstadt. Zone 2: Europa II Albanien, Armenien, Aserbaidschan, Belarus (Weißrussland), Bosnien Herzegowina, Bulgarien, Estland, Georgien, Island, Jugoslawien, Kanarische Inseln, Kasachstan, Kosovo, Kroatien, Lettland, Litauen, Mazedonien, Malta, Montenegro, Norwegen, Rumänien, Russische Föderation, Schweiz, Serbien, Slowenien, Türkei, Ukraine, Ungarn, Zypern. Zone 3: Welt I Ägypten, Algerien, Bahrain, Irak, Iran, Israel, Jemen, Jordanien, Kanada, Katar, Kuwait, Libanon, Libyen, Marokko, Oman, Saudi-Arabien, St. Pierre Miquelon, Syrien, Tunesien, USA, Vereinigte Arabische Emirate. Zone 4: Welt II Hierzu gehören Länder, übrigen Zonen eingeordnet sind. Wenn Sie Ihr Zielland Regionen auffinden, fällt Zone Powered by First-Web * Gilt für Lieferungen Deutschland. Lieferzeiten für Länder Informationen Berechnung Liefertermins siehe </fragment> </item> <item> <fragment> Nahrungsergänzung/erg.bil. Diät - Biofrid-Cosmetic GmbH &amp; Co. KG Herstellung Vertrieb diätetischen, kosmetischen pharmazeutischen Produkten » Startseite Login / Registrierung | Ihre persönliche Seite | Warenkorb | Kasse Suche Literatur Produkte Ätherische/fette Öle Kosmetik Nahrungsergänzung/erg.bil. Diät Liefer- Versandkosten Datenschutz Unsere AGB Impressum Kontakt Widerrufsrecht Widerrufsformular Newsletter Biofrid Cosmetic GmbH &amp; Co.KG Hasseler Steinweg 9 27318 Hoya Postfach 1355 27316 Hoya Telefon 04251 9352-396 Telefax 04251 9352-290 Social Bookmarks Nahrungsergänzung/erg.bil. Diät Alkala® S Pulver Details Ab 16,50 EUR incl. 7 % UST exkl. Versandkosten Lieferzeit:3-7 Werktage* Arginin-diet Biofrid Details Ab 11,90 EUR incl. 7 % UST exkl. Versandkosten Lieferzeit:3-7 Werktage* EPALIPID® Details Ab 17,50 EUR incl. 7 % UST exkl. Versandkosten Lieferzeit:3-7 Werktage* Fischöl Kapseln Biofrid Details Ab 10,70 EUR incl. 7 % UST exkl. Versandkosten Lieferzeit:3-7 Werktage* Nachtkerzenöl Kapseln Details Ab 10,20 EUR incl. 7 % UST exkl. Versandkosten Lieferzeit:3-7 Werktage* Probikehl Details Ab 10,90 EUR incl. 7 % UST exkl. Versandkosten Lieferzeit:3-7 Werktage* RMS Biofrid Details Ab 18,00 EUR incl. 7 % UST exkl. Versandkosten Lieferzeit:3-7 Werktage* Selen-Biofrid Details Ab 5,50 EUR incl. 7 % UST exkl. Versandkosten Lieferzeit:3-7 Werktage* Zink-diet Biofrid Details Ab 9,00 EUR incl. 7 % UST exkl. Versandkosten Lieferzeit:3-7 Werktage* Zeige 1 9 (von insgesamt 9 Artikeln) Seiten: 1 Powered by First-Web * Gilt für Lieferungen Deutschland. Lieferzeiten für Länder Informationen Berechnung Liefertermins siehe </fragment> </item> <item> <fragment> Kosmetik - Biofrid-Cosmetic GmbH &amp; Co. KG Herstellung Vertrieb diätetischen, kosmetischen pharmazeutischen Produkten » Startseite Login / Registrierung | Ihre persönliche Seite | Warenkorb | Kasse Suche Literatur Produkte Ätherische/fette Öle Kosmetik Nahrungsergänzung/erg.bil. Diät Liefer- Versandkosten Datenschutz Unsere AGB Impressum Kontakt Widerrufsrecht Widerrufsformular Newsletter Biofrid Cosmetic GmbH &amp; Co.KG Hasseler Steinweg 9 27318 Hoya Postfach 1355 27316 Hoya Telefon 04251 9352-396 Telefax 04251 9352-290 Social Bookmarks Kosmetik Arnica Creme Biofrid Details Ab 6,90 EUR incl. 19 % UST exkl. Versandkosten Lieferzeit:3-7 Werktage* Didier® Badeperlen Germanium Details Ab 19,90 EUR incl. 19 % UST exkl. Versandkosten Lieferzeit:3-7 Werktage* Didier® Badeperlen Germanium (Beutel) Details Ab 191,60 EUR incl. 19 % UST exkl. Versandkosten Lieferzeit:3-7 Werktage* Didier® Hautcreme Germanium Details Mit verbesserter Rezeptur Basis Rohstoffen kontrolliert biologischem Anbau Ab 19,90 EUR incl. 19 % UST exkl. Versandkosten Lieferzeit:3-7 Werktage* Didier® Nachtkerzen-Vitamin E Lotion Details Ab 10,60 EUR incl. 19 % UST exkl. Versandkosten Lieferzeit:3-7 Werktage* Didier® Nachtkerzen-Vitamin E-Creme Details Ab 7,50 EUR incl. 19 % UST exkl. Versandkosten Lieferzeit:3-7 Werktage* Propolis Creme Biofrid Details Ab 6,90 EUR incl. 19 % UST exkl. Versandkosten Lieferzeit:3-7 Werktage* Ringelblumen Creme Biofrid Details Ab 6,90 EUR incl. 19 % UST exkl. Versandkosten Lieferzeit:3-7 Werktage* Zeige 1 8 (von insgesamt 8 Artikeln) Seiten: 1 Powered by First-Web * Gilt für Lieferungen Deutschland. Lieferzeiten für Länder Informationen Berechnung Liefertermins siehe </fragment> </item> <item> <fragment> Ätherische/fette Öle - Biofrid-Cosmetic GmbH &amp; Co. KG Herstellung Vertrieb diätetischen, kosmetischen pharmazeutischen Produkten » Startseite Login / Registrierung | Ihre persönliche Seite | Warenkorb | Kasse Suche Literatur Produkte Ätherische/fette Öle Kosmetik Nahrungsergänzung/erg.bil. Diät Liefer- Versandkosten Datenschutz Unsere AGB Impressum Kontakt Widerrufsrecht Widerrufsformular Newsletter Biofrid Cosmetic GmbH &amp; Co.KG Hasseler Steinweg 9 27318 Hoya Postfach 1355 27316 Hoya Telefon 04251 9352-396 Telefax 04251 9352-290 Social Bookmarks Ätherische/fette Öle Bergamotteöl, kbA Details Ab 8,50 EUR incl. 19 % UST exkl. Versandkosten Lieferzeit:3-7 Werktage* Cajeputöl, kbA Details Ab 6,90 EUR incl. 19 % UST exkl. Versandkosten Lieferzeit:3-7 Werktage* Eukalyptusöl citriodora, kbA Details Ab 6,50 EUR incl. 19 % UST exkl. Versandkosten Lieferzeit:3-7 Werktage* Jojobaöl, kbA Details Ab 6,90 EUR incl. 19 % UST exkl. Versandkosten Lieferzeit:3-7 Werktage* Lavendelöl, kbA Details Ab 8,50 EUR incl. 19 % UST exkl. Versandkosten Lieferzeit:3-7 Werktage* Lorbeerblätteröl, kbA Details Ab 10,50 EUR incl. 19 % UST exkl. Versandkosten Lieferzeit:3-7 Werktage* Majoranöl, kbA Details Ab 6,90 EUR incl. 19 % UST exkl. Versandkosten Lieferzeit:3-7 Werktage* Mandarinenöl (rot) kbA Details Ab 7,70 EUR incl. 19 % UST exkl. Versandkosten Lieferzeit:3-7 Werktage* Nelkenblütenöl, kbA Details Ab 5,90 EUR incl. 19 % UST exkl. Versandkosten Lieferzeit:3-7 Werktage* Niaouliöl, kbA Details Ab 7,00 EUR incl. 19 % UST exkl. Versandkosten Lieferzeit:3-7 Werktage* Palmarosaöl, kbA Details Ab 5,90 EUR incl. 19 % UST exkl. Versandkosten Lieferzeit:3-7 Werktage* Pfefferminzöl, kbA Details Ab 9,70 EUR incl. 19 % UST exkl. Versandkosten Lieferzeit:3-7 Werktage* Rosengeranienöl, kbA Details Ab 7,70 EUR incl. 19 % UST exkl. Versandkosten Lieferzeit:3-7 Werktage* Rosmarinöl (verbenon), kbA Details Ab 9,50 EUR incl. 19 % UST exkl. Versandkosten Lieferzeit:3-7 Werktage* Teebaumöl, kbA Details Ab 6,90 EUR incl. 19 % UST exkl. Versandkosten Lieferzeit:3-7 Werktage* Teebaumöl, konv. Anbau Details Ab 3,90 EUR incl. 19 % UST exkl. Versandkosten Lieferzeit:3-7 Werktage* Thymianöl (linalol), kbA Details Ab 11,40 EUR incl. 19 % UST exkl. Versandkosten Lieferzeit:3-7 Werktage* Zedernöl, kbA Details Ab 8,50 EUR incl. 19 % UST exkl. Versandkosten Lieferzeit:3-7 Werktage* Zimtblätteröl, kbA Details Ab 4,00 EUR incl. 19 % UST exkl. Versandkosten Lieferzeit:3-7 Werktage* Zitronenöl, kbA Details Ab 6,50 EUR incl. 19 % UST exkl. Versandkosten Lieferzeit:3-7 Werktage* Zeige 1 20 (von insgesamt 20 Artikeln) Seiten: 1 Powered by First-Web * Gilt für Lieferungen Deutschland. Lieferzeiten für Länder Informationen Berechnung Liefertermins siehe </fragment> </item> <item> <fragment> Biofrid-Cosmetic GmbH &amp; Co. KG Herstellung Vertrieb diätetischen, kosmetischen pharmazeutischen Produkten » Startseite Login / Registrierung | Ihre persönliche Seite | Warenkorb | Kasse Suche Literatur Produkte Ätherische/fette Öle Kosmetik Nahrungsergänzung/erg.bil. Diät Liefer- Versandkosten Datenschutz Unsere AGB Impressum Kontakt Widerrufsrecht Widerrufsformular Newsletter Biofrid Cosmetic GmbH &amp; Co.KG Hasseler Steinweg 9 27318 Hoya Postfach 1355 27316 Hoya Telefon 04251 9352-396 Telefax 04251 9352-290 Social Bookmarks Ihr Warenkorb enthält: Ihr Warenkorb leer. Powered by First-Web * Gilt für Lieferungen Deutschland. Lieferzeiten für Länder Informationen Berechnung Liefertermins siehe </fragment> </item> <item> <fragment> Biofrid-Cosmetic GmbH &amp; Co. KG Herstellung Vertrieb diätetischen, kosmetischen pharmazeutischen Produkten » Startseite Login / Registrierung | Ihre persönliche Seite | Warenkorb | Kasse Suche Literatur Produkte Ätherische/fette Öle Kosmetik Nahrungsergänzung/erg.bil. Diät Liefer- Versandkosten Datenschutz Unsere AGB Impressum Kontakt Widerrufsrecht Widerrufsformular Newsletter Biofrid Cosmetic GmbH &amp; Co.KG Hasseler Steinweg 9 27318 Hoya Postfach 1355 27316 Hoya Telefon 04251 9352-396 Telefax 04251 9352-290 Social Bookmarks Ihre persönliche Seite Herzlich Willkommen! Dies Ihre persönliche Seite. Wenn Sie registriert haben, können Sie Ihre persönlichen Daten ändern. Anmelden neues Konto erstellen Ihre persönlichen Einstellungen Kontodaten bearbeiten Adressbuch bearbeiten Passwort ändern E-Mail Benachrichtigungen Newsletter abonnieren abbestellen Powered by First-Web * Gilt für Lieferungen Deutschland. Lieferzeiten für Länder Informationen Berechnung Liefertermins siehe </fragment> </item> <item> <fragment> Selen-Biofrid - Biofrid-Cosmetic GmbH &amp; Co. KG Herstellung Vertrieb diätetischen, kosmetischen pharmazeutischen Produkten » Startseite Login / Registrierung | Ihre persönliche Seite | Warenkorb | Kasse Suche Literatur Produkte Ätherische/fette Öle Kosmetik Nahrungsergänzung/erg.bil. Diät Liefer- Versandkosten Datenschutz Unsere AGB Impressum Kontakt Widerrufsrecht Widerrufsformular Newsletter Biofrid Cosmetic GmbH &amp; Co.KG Hasseler Steinweg 9 27318 Hoya Postfach 1355 27316 Hoya Telefon 04251 9352-396 Telefax 04251 9352-290 Social Bookmarks [&lt;&lt;Erstes] [&lt;zurück] [weiter&gt;] [Letztes&gt;&gt;] 54 Artikel Kategorie Selen-Biofrid 100er 20er Inhalt: 20 Kapseln Art.Nr.: 96601 PZN: 4240988 Preis: 5,50 EUR PAngV: 67,90 EUR pro 100 Gramm Gewicht: 0.03 Kg 100 Kapseln Art.Nr.: 96607 PZN: 4241522 Preis: 15,90 EUR PAngV: 39,36 EUR pro 100 Gramm Gewicht: 0.08 Kg Ab 5,50 EUR incl. 7 % UST exkl. Versandkosten Lieferzeit: 3-7 Werktage* Nahrungsergänzungsmittel L-Selenomethionin Zutaten: Füllstoff Cellulose, Überzugsmittel Hydroxypropylmethylcellulose, Füllstoff Monocalciumphosphat, Trennmittel Magnesiumsalze Speisefettsäuren, L-Selenomethionin. Füllmenge: 8,1 (20 Kapseln) 40,4 (100 Kapseln) Verzehrempfehlung: täglich 1 Kapsel Mahlzeit verzehren Health Claim(s) Unterstützung Zellschutzes funktionsfähigen Immunsystems Verwertung Jod Produktion Schilddrüsenhormonen. Hinweis Selen zählt essentiellen Spurenelementen. Das Gruppe Chalkogene (Erzbildner) zählende Element findet Pflanzen vorzugsweise Form L-Selenomethionin. Im Körper Menschen 20 Milligramm Selen vorhanden. Die Hauptmenge Muskeln lokalisiert. Die höchsten Konzentrationen treten Leber, Niere Milz auf. Selen schützt Körperzellen oxidativen Schädigungen. Selen hilft freie Radikale abzufangen unterstützt Funktion Immunsystems. Der Körper braucht Selen für Verwertung Jod Produktion Schilddrüsenhormonen. Die angegebene empfohlene tägliche Verzehrmenge überschritten werden. Nahrungsergänzungsmittel Ersatz für ausgewogene abwechslungsreiche Ernährung gesunde Lebensweise verwendet werden. Bitte außerhalb Reichweite Kindern lagern. Nährstofftabelle: Nährstoff pro 100 pro Tag (1 Kapsel) % NRV *) Selen 7 mg 30 μg 55% *) Referenzmenge gemäß Lebensmittelinformationsverordnung Nährwerttabelle Brennwert 5,8 kJ/ 1,4 kcal 0 kJ/ 0 kcal Fett 0,2 0 * gesättigte Fettsäuren 0,2 0 Kohlenhydrate 0 0 * Zucker 0 0 Eiweiß 0 0 Salz 0 0 Allergene enthalten Hersteller: Sanum-Kehlbeck GmbH &amp; Co. KG, Hasseler Steinweg 9, 27318 Hoya Kunden, Artikel kauften, folgende Artikel gekauft: Nachtkerzenöl Kapseln Ab 10,20 EUR incl. 7 % UST exkl. Versandkosten Didier® Nachtkerzen-Vitamin E Lotion Ab 10,60 EUR incl. 19 % UST exkl. Versandkosten Didier® Hautcreme Germanium Ab 19,90 EUR incl. 19 % UST exkl. Versandkosten Fischöl Kapseln Biofrid Ab 10,70 EUR incl. 7 % UST exkl. Versandkosten Lavendelöl, kbA Ab 8,50 EUR incl. 19 % UST exkl. Versandkosten EPALIPID® Ab 17,50 EUR incl. 7 % UST exkl. Versandkosten Powered by First-Web * Gilt für Lieferungen Deutschland. Lieferzeiten für Länder Informationen Berechnung Liefertermins siehe </fragment> </item> <item> <fragment> Zedernöl, kbA - Biofrid-Cosmetic GmbH &amp; Co. KG Herstellung Vertrieb diätetischen, kosmetischen pharmazeutischen Produkten » Startseite Login / Registrierung | Ihre persönliche Seite | Warenkorb | Kasse Suche Literatur Produkte Ätherische/fette Öle Kosmetik Nahrungsergänzung/erg.bil. Diät Liefer- Versandkosten Datenschutz Unsere AGB Impressum Kontakt Widerrufsrecht Widerrufsformular Newsletter Biofrid Cosmetic GmbH &amp; Co.KG Hasseler Steinweg 9 27318 Hoya Postfach 1355 27316 Hoya Telefon 04251 9352-396 Telefax 04251 9352-290 Social Bookmarks [&lt;&lt;Erstes] [&lt;zurück] [weiter&gt;] [Letztes&gt;&gt;] 120 Artikel Kategorie Zedernöl, kbA Inhalt: 10 ml Art.Nr.: 93802 PZN: 6872215 Preis: 8,50 EUR PAngV: 85,00 EUR pro 100 ml Gewicht: 0.05 Kg Ab 8,50 EUR incl. 19 % UST exkl. Versandkosten Lieferzeit: 3-7 Werktage* Herkunft: Marokko Art Produkts: Ätherisches Öl kontrolliert biologischem Anbau (kbA) Beschreibung: Das Holz, ätherische Öl gewonnen wird, hinterlässt starke Spuren Duft Öles. Er holzig, balsamisch warm. Bei Raumbeduftung schafft ausgleichende stabilisierende Atmosphäre, Gefühl Ruhe Geborgenheit aufkommt. Hinweis: Unsere ätherischen fetten Öle kontrolliert biologischem Anbau (kbA) höchster Qualität. Es handelt flüchtige, hochkonzentrierte, ölige Substanzen, unterschiedlichen Herstellungsverfahren - Wasserdampfdestillation kalte Pressung - verschiedenen Pflanzenteilen gewonnen werden. Sie zumeist farblos hinterlassen Regel (außer Kaltpressung) sichtbaren Spuren, verflüchtigt haben. Diese ätherischen Öle 100% naturrein. Der Einsatz ätherischer Öle sparsam bewusst geschehen. Sie dienen Raumbeduftung Luftverbesserung. Sie dürfen unverdünnt Haut Schleimhäuten Kontakt gebracht werden, Reizungen führen können. In Schwangerschaft Kindern besondere Vorsicht geboten. Die angebotenen genuinen ätherischen Öle aufgrund Vielzahl einzigen Pflanze enthaltenen Duftstoffe umfassendes Bouquet. Darauf bezüglich Wahl Herkunftslandes Wert gelegt, Sortiment bewusst knapp gehalten. Aufgrund Lieferengpässen Ernteausfällen Ausnahmefällen Land gewechselt werden. Als Trägeröl bieten Jojobaöl an. Inhalt: Cedrus atlantica Holz Kunden, Artikel kauften, folgende Artikel gekauft: RMS Biofrid Ab 18,00 EUR incl. 7 % UST exkl. Versandkosten Didier® Hautcreme Germanium Ab 19,90 EUR incl. 19 % UST exkl. Versandkosten Arginin-diet Biofrid Ab 11,90 EUR incl. 7 % UST exkl. Versandkosten Palmarosaöl, kbA Ab 5,90 EUR incl. 19 % UST exkl. Versandkosten Didier® Badeperlen Germanium (Beutel) Ab 191,60 EUR incl. 19 % UST exkl. Versandkosten Didier® Badeperlen Germanium Ab 19,90 EUR incl. 19 % UST exkl. Versandkosten Powered by First-Web * Gilt für Lieferungen Deutschland. Lieferzeiten für Länder Informationen Berechnung Liefertermins siehe </fragment> </item> <item> <fragment> Nachtkerzenöl Kapseln - Biofrid-Cosmetic GmbH &amp; Co. KG Herstellung Vertrieb diätetischen, kosmetischen pharmazeutischen Produkten » Startseite Login / Registrierung | Ihre persönliche Seite | Warenkorb | Kasse Suche Literatur Produkte Ätherische/fette Öle Kosmetik Nahrungsergänzung/erg.bil. Diät Liefer- Versandkosten Datenschutz Unsere AGB Impressum Kontakt Widerrufsrecht Widerrufsformular Newsletter Biofrid Cosmetic GmbH &amp; Co.KG Hasseler Steinweg 9 27318 Hoya Postfach 1355 27316 Hoya Telefon 04251 9352-396 Telefax 04251 9352-290 Social Bookmarks [&lt;&lt;Erstes] [&lt;zurück] [weiter&gt;] [Letztes&gt;&gt;] 54 Artikel Kategorie Nachtkerzenöl Kapseln Inhalt: 40 Kapseln Art.Nr.: 22511040 PZN: 10132487 Preis: 10,20 EUR PAngV: 37,78 EUR pro 100 Gramm Gewicht: 0.05 Kg Ab 10,20 EUR incl. 7 % UST exkl. Versandkosten Lieferzeit: 3-7 Werktage* Der Produktname " Biofrid® Plus Kapseln " " Nachtkerzenöl Kapseln " geändert. Nahrungsergänzungsmittel Omega-6-Fettsäuren Zutaten: Nachtkerzenöl (73,7%), Gelatine, Feuchthaltemittel: Glycerin, Wasser, D-alpha-Tocopherol Füllmenge: 27 (40 Kapseln) Verzehrempfehlung: 3 mal täglich 2 Kapseln Mahlzeiten verzehren Health Claim(s) Linolsäure trägt Aufrechterhaltung normalen Cholesterinspiegels Blut bei. Hinweis Die Nachtkerze enthält mehrfach ungesättigte Fettsäuren, Mensch Nahrung zuführen muss. Das Öl Samen enthält Linolsäure Gamma-Linolensäure. Diese mehrfach ungesättigten Fettsäuren benötigt Körper besonderer Belastung Bausteine Zellmembranen. Eine positive Wirkung 10 Linolsäure ein. Der hohe Gehalt Gamma-Linolensäure zeichnet Nachtkerzenöl gegenüber häufig verwendeten Speisefetten aus. Dieses Nahrungsergänzungsmittel Ersatz für abwechslungsreiche ausgewogene Ernährung gesunde Lebensweise. Die angegebene Tagesdosis überschreiten. Für Kinder unzugänglich aufbewahren. Bei schizophrenen Patienten bzw. Einnahme epileptogener Arzneimittel z.B. Phenothiazine) können epileptische Anfälle auftreten. In Fällen während Schwangerschaft fragen Sie Ihren Arzt. Nährstofftabelle: Nährwert pro Tag (6 Kapsel) % T.B. 1) Omega-6-Fettsäuren 2.499 mg 2) * Linolsäure 2.220 mg 2) * Gamma-Linolensäure 270 mg 2) 1) Referenzmenge gemäß LMIV 2) EU-Wert veröffentlicht, entspricht 50% D.A.Ch.-Empfehlung Nährwerttabelle Brennwert 124 kJ/ 30 kcal Fett 3,0 * gesättigte Fettsäuren 0,26 * einfach ungesättigte Fettsäuren 0,23 * mehrfach ungesättigte Fettsäuren 2,50 Kohlenhydrate &lt; 0,1 * Zucker &lt; 0,1 Eiweiß 0,6 Salz &lt; 0,1 Vitamin E 60 mg alpha-TE 500 Allergene enthalten Hersteller: Sanum-Kehlbeck GmbH &amp; Co. KG, Hasseler Steinweg 9, 27318 Hoya Kunden, Artikel kauften, folgende Artikel gekauft: Ringelblumen Creme Biofrid Ab 6,90 EUR incl. 19 % UST exkl. Versandkosten Didier® Nachtkerzen-Vitamin E-Creme Ab 7,50 EUR incl. 19 % UST exkl. Versandkosten Selen-Biofrid Ab 5,50 EUR incl. 7 % UST exkl. Versandkosten Zink-diet Biofrid Ab 9,00 EUR incl. 7 % UST exkl. Versandkosten RMS Biofrid Ab 18,00 EUR incl. 7 % UST exkl. Versandkosten Fischöl Kapseln Biofrid Ab 10,70 EUR incl. 7 % UST exkl. Versandkosten Powered by First-Web * Gilt für Lieferungen Deutschland. Lieferzeiten für Länder Informationen Berechnung Liefertermins siehe </fragment> </item> <item> <fragment> Didier® Badeperlen Germanium - Biofrid-Cosmetic GmbH &amp; Co. KG Herstellung Vertrieb diätetischen, kosmetischen pharmazeutischen Produkten » Startseite Login / Registrierung | Ihre persönliche Seite | Warenkorb | Kasse Suche Literatur Produkte Ätherische/fette Öle Kosmetik Nahrungsergänzung/erg.bil. Diät Liefer- Versandkosten Datenschutz Unsere AGB Impressum Kontakt Widerrufsrecht Widerrufsformular Newsletter Biofrid Cosmetic GmbH &amp; Co.KG Hasseler Steinweg 9 27318 Hoya Postfach 1355 27316 Hoya Telefon 04251 9352-396 Telefax 04251 9352-290 Social Bookmarks [weiter&gt;] [Letztes&gt;&gt;] 54 Artikel Kategorie Didier® Badeperlen Germanium Inhalt: 15 Perlen Art.Nr.: 27535015 PZN: 3919011 Preis: 19,90 EUR PAngV: 1,33 EUR pro Stück Gewicht: 0.33 Kg Ab 19,90 EUR incl. 19 % UST exkl. Versandkosten Lieferzeit: 3-7 Werktage* Art Produkts: Badeperlen Beschreibung: Entspannung Pflege einem. Didier® Badeperlen Germanium für Hauttyp verträglich. Didier® Badeperlen Germanium ausgewählten Inhaltsstoffen hochwertige Pflege für Ihre Haut, wohltuende Art nachhaltig angeregt belebt. Sanumgerman gehört wichtigsten Bestandteilen ausgewogenen pflegenden Komposition, erstmalig Firmengruppe patentiert wurde. Die wohltuenden Inhaltsstoffe Didier® Badeperlen Germanium verteilen Auflösen Kapseln angenehm Hautfläche. Das Zusammenspiel wohlig warmen Bades Didier® Badeperlen Germanium führt entspannenden nachhaltig hautpflegenden Wirkung. Germanium Badeperlen wahre "Perlen", die, regelmäßig angewendet, beitragen, Spannkraft Frische wiederzugewinnen bewahren. Anwendung: 1x wöchentlich Vollbad 1–2 Didier® Badeperlen Hinweis: Zur Steigerung pflegenden Wirkung empfehlen zusätzlich Verwendung Didier® Hautcreme Germanium . Inhalt: Schmuckglas 15 Badeperlen Inhaltsstoffe: Isopropyl Myristate, Gelatin, Parfum, Silica, Glycerin, Germanium-Citrate-Lactate Powder, Linalool, Limonene, Hexyl Cinnamal, Citronellol, Cinnamyl Alcohol, Eugenol, Alpha-Isomethyl Ionone, Hydroxyisohexyl 3-Cyclohexene Carboxaldehyde, Ethylparaben, Propylparaben, Denatonium Benzoate, CI 77492 Kunden, Artikel kauften, folgende Artikel gekauft: Ringelblumen Creme Biofrid Ab 6,90 EUR incl. 19 % UST exkl. Versandkosten Didier® Nachtkerzen-Vitamin E Lotion Ab 10,60 EUR incl. 19 % UST exkl. Versandkosten Arnica Creme Biofrid Ab 6,90 EUR incl. 19 % UST exkl. Versandkosten Didier® Nachtkerzen-Vitamin E-Creme Ab 7,50 EUR incl. 19 % UST exkl. Versandkosten Zitronenöl, kbA Ab 6,50 EUR incl. 19 % UST exkl. Versandkosten Mandarinenöl (rot) kbA Ab 7,70 EUR incl. 19 % UST exkl. Versandkosten Powered by First-Web * Gilt für Lieferungen Deutschland. Lieferzeiten für Länder Informationen Berechnung Liefertermins siehe </fragment> </item> <item> <fragment> Datenschutz Datenschutz Datenschutzerklärung Die Biofrid-Cosmetic GmbH &amp; Co. KG (Biofrid) erhebt, speichert nutzt Rahmen seines Internetauftritts personenbezogene Daten. Durch Nutzung Webseiten erklären Sie Ihr Einverständnis dazu, Ihre personenbezogenen Daten unten genannten Zwecken erhoben, gespeichert genutzt dürfen. Sie können Einwilligung jederzeit Wirkung für Zukunft widerrufen. Datenschutzerklärung Datenschutzhinweise Informationen ggf. Ihnen erteilten Einwilligung Als datenschutzrechtlichen Bestimmungen verantwortliche Stelle versichern Ihnen, Erhebung, Speicherung, Veränderung, Übermittlung, Sperrung, Löschung Nutzung Ihrer personenbezogenen Daten unserem Unternehmen Schutze Ihrer personenbezogenen Daten Übereinstimmung geltenden Datenschutzbestimmungen übrigen gesetzlichen Vorgaben erfolgt. Erhebung personenbezogener Daten Im Rahmen Bestellablaufes fragen Kundendaten-Formular verschiedene personenbezogene Daten Ihnen ab, Sie Absenden Ihrer Bestellung übrigen Daten Bestellung übermitteln. Wir erheben ausschließlich Ihnen übermittelten personenbezogenen Daten. Die Datenverarbeitung erfolgt geltenden Bundesdatenschutzgesetz. Indem Sie Bestellung absenden, erklären Sie einverstanden, Ihnen übermittelten Informationen Firma gespeichert Zwecke Leistungserbringung Abrechnung verarbeitet genutzt ggf. dafür beauftragte Dienstleister weitergeleitet werden. Zwecke Erhebung, Verarbeitung Nutzung personenbezogener Daten ggf. erteilte Einwilligungen Die Erhebung Ihrer personenbezogenen Daten Rahmen Bestellablaufes anschließende Verarbeitung Nutzung erfolgt Erfüllung Geschäftszwecke Rahmen geschlossenen Vertragsverhältnisses. Sofern Sie Kundenkonto anlegen, erfolgt Erhebung, Verarbeitung Nutzung personenbezogenen Daten Zweck, zukünftigen Bestellungen personenbezogenen Daten erneut eingegeben müssen. Sofern Sie Ihre Einwilligung Erhalt unseres Newsletters erklärt haben, erfolgt Erhebung, Verarbeitung Nutzung Ihrer Email-Adresse für Werbezwecke. In Fall Sie nachstehende Einwilligung erklärt: "Ich einverstanden, per Email über interessante Angebote informiert willige Aufnahme Email-Adresse Newsletter-Verteiler ein. Diese Einwilligung jederzeit Angabe Gründen Wirkung für Zukunft widerrufen werden." Widerruf Einwilligungen Sofern Sie Einwilligungen erteilt haben, können Sie Einwilligungen jederzeit Angabe Gründen Wirkung für Zukunft widerrufen. Hierfür genügt formlose Mitteilung. Verwendung Cookies Um Ihnen Leistungen individueller Verfügung stellen können, verwenden sogenannte Cookies. Cookies Kennungen, Webserver Ihren Computer sendet, für Dauer Besuches identifizieren. Die meisten Browser eingestellt, Cookies automatisch akzeptieren. Dies bedeutet, entsprechenden Cookies Ihrem Computer gespeichert werden. Bei erneuten Besuch unseres Internetauftrittes Ihr Computer über Ihrem Computer gespeicherten Cookies unseren Webserver wiedererkannt. Sollten Sie Ablage Cookies Ihrem Computer wünschen, können Sie Speicherung Cookies verhindern, Sie Browser-Einstellungen dahingehend abändern, Cookies akzeptiert werden. Übermittlung personenbezogener Daten Dritte Eine Übermittlung Ihrer personenbezogenen Daten Dritte erfolgt ausschließlich Rahmen Vertragsabwicklung beteiligten Dienstleistungspartner, z. B. Lieferung beauftragte Logistik-Unternehmen Zahlungsangelegenheiten beauftragte Kreditinstitut. In Fällen Übermittlung Ihrer personenbezogenen Daten Dritte beschränkt Umfang übermittelten Daten erforderliche Minimum. Verwendung Google „+1“-Schaltfläche Wir verwenden Webseite „+1“-Schaltfläche sozialen Netzwerkes Google+ (Google Plus) Google Inc., 1600 Amphitheatre Parkway, Mountain View, Kalifornien, 94043 USA, (nachfolgend „Google“). Bei Aufruf Webseite Internetpräsenz, „+1“-Schaltfläche versehen ist, veranlasst „+1“-Schaltfläche, Ihnen verwendete Browser optische Darstellung „+1“-Schaltfläche Google-Server lädt darstellt. Dabei Google-Server mitgeteilt, bestimmte Webseite Internetpräsenz Sie besuchen. Google protokolliert Ihren Browserverlauf Anzeigen „+1“-Schaltfläche für Dauer Wochen Systemwartungs- Fehlerbehebungszwecken. Eine weitergehende Auswertung Ihres Besuchs Webseite Internetpräsenz „+1“-Schaltfläche erfolgt nicht. Betätigen Sie „+1“-Schaltfläche während Sie Google+ (Google Plus) eingeloggt sind, erfasst Google über Ihr Google-Profil Informationen über Ihnen empfohlene URL, Ihre IP-Adresse browserbezogene Informationen, Ihre „+1“-Empfehlung gespeichert öffentlich zugänglich kann. Ihre „+1“-Empfehlungen können Hinweise Ihrem Profilnamen Ihrem Foto Google-Diensten, Suchergebnissen Ihrem Google-Profil (als „+1“-Tab Ihrem Google-Profil), Stellen Webseiten Anzeigen Internet eingeblendet werden. Unter nachstehenden Internetadresse finden Sie Datenschutzhinweise Google „+1“-Schaltfläche näheren Informationen Erfassung, Weitergabe Nutzung Daten Google, Ihren diesbezüglichen Rechten Ihren Profileinstellungsmöglichkeiten: https://www.google.com/intl/de/+/policy/+1button.html Datenschutzrechtliche Informationen Verwendung Facebook-Plugins Diese Internetseite verwendet soziale Plugins sozialen Netzwerks facebook.com Facebook Inc., 1601 S. California Ave, Palo Alto, CA 94304, USA, folgenden "Facebook" genannt. Die Plugins u.a. Facebook-Logo ggf. Zusatz "Gefällt mir" gekennzeichnet. Wenn Sie Seite unseres Internetauftrittes derartigen Plugin aufrufen, stellt Ihr Browser direkte Verbindung Servern Facebook her. Der Inhalt Plugins Facebook Ihren Browser übermittelt Ihrem Browser dargestellt. Facebook erhält Information, konkrete Seite Internetseite aufgerufen wurde. Wenn Sie "Gefällt mir"-Button anklicken Kommentar hinterlassen, Informationen Ihrem Browser direkt Facebook übermittelt gespeichert. Sind Sie Zeitpunkt Ihres Besuches Internetseite Facebook eingeloggt, Facebook Besuch Internetseite Ihrem Facebook-Konto zuordnen, unabhängig davon, Sie Facebook-Button anklicken nicht. Eine Datenübermittlung Ihrer Daten Bezugsmöglichkeit Ihre Registrierung Facebook  erfolgt nicht, während Besuches Internetseite Facebook eingeloggt sind. Informationen über Zweck Umfang Datenerhebung Verarbeitung Nutzung Daten Facebook Einstellungsmöglichkeiten Schutz Ihrer Privatsphäre Ihrer Daten können Sie Datenschutzrichtlinien Facebook entnehmen, Sie http://www.facebook.com/policy.php finden. Facebook informiert zudem http://de-de.facebook.com/privacy/explanation.php über Einstellungen, Sie Ihre Privatsphäre schützen können. Datenschutzerklärung für Nutzung Twitter Auf unseren Seiten Funktionen Dienstes Twitter eingebunden. Diese Funktionen angeboten Twitter Inc., Twitter, Inc. 1355 Market St, Suite 900, San Francisco, CA 94103, USA. Durch Benutzen Twitter Funktion "Re-Tweet" Ihnen besuchten Webseiten Ihrem Twitter-Account verknüpft Nutzern gegeben. Dabei Daten Twitter übertragen. Wir weisen hin, Anbieter Seiten Kenntnis Inhalt übermittelten Daten Nutzung Twitter erhalten. Weitere Informationen hierzu finden Sie Datenschutzerklärung Twitter http://twitter.com/privacy . Ihre Datenschutzeinstellungen Twitter können Sie Konto-Einstellungen http://twitter.com/account/settings ändern. Abrufbarkeit Ihnen erteilten Einwilligungen Sofern Anmeldung Newsletter besteht, Ihre E-Mail-Adresse Ihrer Einwilligung für Werbezwecke genutzt, Sie Newsletter abmelden. Verwendung Emailadresse für Zusendung Newslettern Wir nutzen Ihre Emailadresse unabhängig Vertragsabwicklung ausschließlich für Werbezwecke Newsletterversand, sofern Sie ausdrücklich zugestimmt haben. Ihre diesbezüglich abzugebende Einwilligungserklärung lautet folgt: „Newsletter eintragen“. „Newsletter abonnieren“ Registierungsvorgang abhaken. Sie können Newsletter jederzeit Nutzung entsprechenden Link Newsletter Nachricht abbestellen, Kontaktdaten hierzu finden Sie unserem Impressum. Ihre Emailadresse gelöscht. Erhebung Verarbeitung Nutzung Kontaktformulars Bei Nutzung Kontaktformulars erheben personenbezogene Daten (Einzelangaben über persönliche sachliche Verhältnisse bestimmten bestimmbaren natürlichen Person) Ihnen Verfügung gestellten Umfang. Ihre Emailadresse nutzen Bearbeitung Ihrer Anfrage. Ihre Daten anschließend gelöscht, sofern Sie weitergehenden Verarbeitung Nutzung zugestimmt haben. Ihre Rechte Sie Recht, unentgeltlich Auskunft Ihrer Person gespeicherten personenbezogenen Daten erhalten. Wir dürfen Sie bitten, entsprechenden Anfragen Anbieterkennzeichnung angegebene Adresse info@biofrid.de wenden. Sofern Ihrer Person gespeicherten personenbezogenen Daten unrichtig sind, Daten entsprechenden Hinweis Ihrerseits selbstverständlich berichtigt. Sie ferner Recht, Ihre Einwilligung Speicherung Ihrer Person gespeicherten personenbezogenen Daten jederzeit Angabe Gründen Wirkung für Zukunft widerrufen. Hierfür genügt formlose Mitteilung. Im Falle entsprechenden Mitteilung Ihrer Person gespeicherten personenbezogenen Daten gelöscht, denn, betreffenden Daten Erfüllung Pflichten geschlossenen Vertragsverhältnisses benötigt gesetzliche Vorgaben stehen Löschung entgegen. In Fall Stelle Löschung Sperrung betreffenden personenbezogenen Daten. Mit sämtlichen datenschutzrechtlichen Anfragen dürfen Sie bitten, Anbieterkennzeichnung angegebene Adresse wenden. Seite drucken TEXT_CLOSE_WINDOW_NO_JS </fragment> </item> <item> <fragment> Biofrid-Cosmetic GmbH &amp; Co. KG Herstellung Vertrieb diätetischen, kosmetischen pharmazeutischen Produkten » Home Login / Register | Your account | Shopping Cart | Cash box Search Literature Products Cosmetics Dietary Supplement Essential/fatty oils Shipping &amp; Returns Privacy Notice General terms and conditions Imprint Contact Right of revocation Standard withdrawal form Newsletter Biofrid Cosmetic GmbH &amp; Co.KG Hasseler Steinweg 9 27318 Hoya Postfach 1355 27316 Hoya Telefon 04251 9352-396 Telefax 04251 9352-290 Social Bookmarks Newsletter Security code Security code Mr. Mrs. Your first name Your last name Your e-mail address receive don't receive either Powered by First-Web * Gilt für Lieferungen Deutschland. Lieferzeiten für Länder Informationen Berechnung Liefertermins siehe </fragment> </item> <item> <fragment> - Biofrid-Cosmetic GmbH &amp; Co. KG Herstellung Vertrieb diätetischen, kosmetischen pharmazeutischen Produkten » Home Login / Register | Your account | Shopping Cart | Cash box Search Literature Products Cosmetics Dietary Supplement Essential/fatty oils Shipping &amp; Returns Privacy Notice General terms and conditions Imprint Contact Right of revocation Standard withdrawal form Newsletter Biofrid Cosmetic GmbH &amp; Co.KG Hasseler Steinweg 9 27318 Hoya Postfach 1355 27316 Hoya Telefon 04251 9352-396 Telefax 04251 9352-290 Social Bookmarks Bestellung widerrufen Wenn Sie gesetzliche Widerrufsrecht für Ihre Bestellung unserem Shop ausüben möchten, können Sie folgende Formular Angabe Bestell-Nr. entsprechenden eMail-Adresse verwenden. Nach Absenden Formulars erhalten Sie automatische Bestätigung über Erhalt Widerrufs. Ihre Bestell-Nr.: Ihre eMail-Adresse: Powered by First-Web * Gilt für Lieferungen Deutschland. Lieferzeiten für Länder Informationen Berechnung Liefertermins siehe </fragment> </item> <item> <fragment> Right of revocation - Biofrid-Cosmetic GmbH &amp; Co. KG Herstellung Vertrieb diätetischen, kosmetischen pharmazeutischen Produkten » Home Login / Register | Your account | Shopping Cart | Cash box Search Literature Products Cosmetics Dietary Supplement Essential/fatty oils Shipping &amp; Returns Privacy Notice General terms and conditions Imprint Contact Right of revocation Standard withdrawal form Newsletter Biofrid Cosmetic GmbH &amp; Co.KG Hasseler Steinweg 9 27318 Hoya Postfach 1355 27316 Hoya Telefon 04251 9352-396 Telefax 04251 9352-290 Social Bookmarks Right of revocation Consumers are entitled to right of withdrawal according to the following conditions, wherein the consumer is defined as every natural person entering into legal transaction for purpose attributed neither to commercial nor self-employed occupational activity: Returns policy Right of revocation Right of withdrawal You have the right to withdraw from this contract within fourteen days, without stating any reasons. The withdrawal period is fourteen days beginning the day on which you or third party designated by you, other than the carrier, have/has taken possession of the goods. In order to exercise your right of withdrawal, you have to notify us - Biofrid-Cosmetic GmbH &amp; Co. KG, Hasseler Steinweg 9, 27318 Hoya; Tel.: 04251/9352-395; Fax: 04251/9352-290; info@biofrid.de - by way of explicit declaration (e.g. letter sent by post, fax or e-mail) of your decision to withdraw from this contract. To this end you may use the attached standard withdrawal form, though this is not required. You may fill and submit the standard withdrawal form, or any other explicit declaration, electronically on our website www.mastavit.de. If you make use of this option, we communicate (e.g. via e-mail) acknowledgement of receipt of such withdrawal without delay. To observe the withdrawal period it is sufficient, if you send off the notice regarding the exercising of the right of withdrawal before the expiry of the withdrawal period. Consequences of the withdrawal If you withdraw from this contract, we reimburse all payments we have received from you including shipping charges (with the exception of additional charges which result from your choosing shipping method different from the cheapest standard shipping method offered by us), without delay and no later than fourteen days from the day that the notice of your withdrawal from this contract received by us. For this refund, we use the same payment method which used by you the original transaction, unless we explicitly made other arrangements with you. In no case you be charged any fees for this refund. We may refuse the reimbursement until we have received back the goods or until you have provided proof that the goods have been sent, depending on which ever occurs first. The goods must be returned to us without delay and any case no later fourteen days after the date that you notified us of your withdrawal from this contract. To observe this deadline, the goods must be sent off before the expiry of the fourteen day period. You shall bear the immediate cost for the returning of the goods. You shall only be liable for any diminished value of the goods resulting from the handling other than what is necessary order to ascertain the nature, characteristics and functioning of the goods. End of the revocation notice Exclusion of the right of revocation The right of revocation does not apply to distance sales contracts on the delivery of audio or video recordings or of software, if you have unsealed the delivered data medium. General remarks 1. Please avoid damaging or soiling of the goods. Please return the goods to us, if possible, their entire original packaging and together with all accessories. Use, if necessary, protective outer packaging. Should you not have the original packaging at your disposal any more, please use appropriate packaging to protect the goods against transport damages. 2. Please note that the aforementioned clause 1 do not constitute requirement for the effective exercise of your right of revocation. Print this page Standard withdrawal form (If you wish to withdraw from the contract, please fill out this form and send it back.) - To Biofrid-Cosmetic GmbH &amp; Co. KG, Managing Directors: Reiner Kehlbeck, Heinfried Kehlbeck, Natascha Kehlbeck, Martin Stannat, Hasseler Steinweg 9, 27318 Hoya, Fax: +49(0)4251/9352-290, e-mail: info@biofrid.de - I/We(*) hereby give notice that I/We (*) withdraw from my/our (*) contract of sale of the following goods (*)/provision of the following service (*). - Ordered on (*)/ received on (*) - Name of consumer(s) - Address of consumer(s) - Signature of consumer(s) (only case of paper version) - Date (*) Delete as appropriate Powered by First-Web * Gilt für Lieferungen Deutschland. Lieferzeiten für Länder Informationen Berechnung Liefertermins siehe </fragment> </item> <item> <fragment> General terms and conditions - Biofrid-Cosmetic GmbH &amp; Co. KG Herstellung Vertrieb diätetischen, kosmetischen pharmazeutischen Produkten » Home Login / Register | Your account | Shopping Cart | Cash box Search Literature Products Cosmetics Dietary Supplement Essential/fatty oils Shipping &amp; Returns Privacy Notice General terms and conditions Imprint Contact Right of revocation Standard withdrawal form Newsletter Biofrid Cosmetic GmbH &amp; Co.KG Hasseler Steinweg 9 27318 Hoya Postfach 1355 27316 Hoya Telefon 04251 9352-396 Telefax 04251 9352-290 Social Bookmarks General terms and conditions General terms and conditions § 1 Scope of application The following General Terms and Conditions as defined at the time order is placed shall apply exclusively to all business relations with the purchaser for orders via the internet shop. § 2 Conclusion of contract The presentation of our products our web presence comprises merely invitation to the customer to submit contract offer. By placing his order, the customer submits offer within the meaning of §145 German Civil Code (BGB, Bürgerliches Gesetzbuch). The customer receive email confirming receipt of the order. If necessary, we inform the customer about potential errors the specifications of the product range on our website and present corresponding counteroffer to the customer. The customer waives the receipt of declaration of acceptance, §141 para. 1 German Civil Code. The contract with us is concluded, if we accept the offer of the customer within 10 days writing or text form or deliver the ordered goods, or if the customer pays advance. In the case of advance payment, we declare acceptance of the contract upon the customer’s advance payment, if this payment is made within 10 days of placing the order. § 3 Bearing of the shipping costs if the right of withdrawal is exercised: If the right of withdrawal is exercised, we reimburse all payments we have received from you including shipping charges (with the exception of additional charges which result from your choosing shipping method different from the cheapest standard shipping method offered by us), without delay and no later than fourteen days from the day that the notice of your withdrawal from this contract received by us. For this refund, we use the same payment method which used by you the original transaction, unless we explicitly made other arrangements with you. In no case you be charged any fees for this refund. We may refuse the reimbursement until we have received back the goods or until you have provided proof that the goods have been sent, depending on which ever occurs first. You shall bear the immediate cost for the returning of the goods. § 4 Delivery, Delivery costs, Risk transfer The goods are shipped at the delivery costs listed for each individual case. Provided that the customer is consumer, we bear the shipping risk regardless of the mode of shipment any case. If the customer is business, all risks and dangers of shipment are transferred to the customer, as soon as we have handed over the goods to the assigned forwarding agent. § 5  Retention of Title The delivered goods shall remain our property until full payment of the purchase price has been received. § 6  Warranty Warranty is subject to the legal regulations. § 7 Consumer information regarding distance sales contracts on the purchase of goods We are not subject to special and not aforementioned codes of conduct. Any input errors your order can be detected at the final confirmation before check-out and corrected at any time by means of the deleting and changing feature before final placement of the order. For the essential characteristics of the products presented by us as well as the period of validity for restricted offers, please refer to the individual product descriptions on our web site. German is the exclusive language offered for the conclusion of the contract. Complaints and warranty claims can be submitted to the address as stated at supplier information. To print the contract text, please use the print function of your browser. The contract text is not available to customers for orders our web shop. Further, the contract text is saved by us. For information on payment, delivery or fulfillment, please refer to the offer itself. After conclusion of the contract, you receive automatic e-mail containing further information on the processing of the contract. The e-mail comprises order number, which has to be quoted the bank transfer of the invoice amount due. As rule, this order number not correspond to the invoice number. § 8 Miscellaneous The contractual relationships with the customer as well as the respective general terms and conditions are governed exclusively by the law of the Federal Republic of Germany. Provided that the customer is consumer, the valid legal provisions and rights the country of residence of the customer existing favour of the consumer not be affected or impaired by this agreement. Application of the United Nations Convention on Contracts for the International Sale of Goods (CISG) is excluded. The exclusive place of jurisdiction is the court of our place of business if the customer is merchant the sense of the German Commercial Code or corporation under public law. We are entitled to take action at the court of the customer. § 9 Severability Clause If individual clauses of this contract are or become totally or partially invalid, this not affect the validity of the remaining parts of the contract. Print this page Powered by First-Web * Gilt für Lieferungen Deutschland. Lieferzeiten für Länder Informationen Berechnung Liefertermins siehe </fragment> </item> <item> <fragment> Shipping &amp; Returns - Biofrid-Cosmetic GmbH &amp; Co. KG Herstellung Vertrieb diätetischen, kosmetischen pharmazeutischen Produkten » Home Login / Register | Your account | Shopping Cart | Cash box Search Literature Products Cosmetics Dietary Supplement Essential/fatty oils Shipping &amp; Returns Privacy Notice General terms and conditions Imprint Contact Right of revocation Standard withdrawal form Newsletter Biofrid Cosmetic GmbH &amp; Co.KG Hasseler Steinweg 9 27318 Hoya Postfach 1355 27316 Hoya Telefon 04251 9352-396 Telefax 04251 9352-290 Social Bookmarks Shipping &amp; Returns Delivery within Germany (incl. VAT) : The goods are delivered free of shipping costs, if the order value exceeds 110,00 EUR. Otherwise, we charge according to the following schedule corresponding to the weight of the ordered goods. Delivery within Germany is by GLS. Gewichtsklasse Versandkosten (inkl. MwSt.) up to 1,0 kg 4,20 € over 1,0 kg up to 2,0 kg 4,60 € over 2,0 kg up to 5,0 kg 4,90 € over 5,0 kg up to 10,0 kg 5,60 € over 10,0 kg up to 25,0 kg 8,50 € over 25,0 kg up to 30,0 kg 9,20 € over 30,0 kg up to 40,0 kg 15,90 € Delivery to Europe and the world (incl. VAT) : Outside Germany, delivery is by Deutsche Post, GLS and DHL. In shipments up to 2 kg, 500 is added for packaging. In shipments from 2 kg, 25% of the ordered weight is added for packaging. Delivery Zone 1 Zone 2 Zone 3 Zone 4 up to          1 kg 17,00 € 17,00 € 17,00 € 17,00 € over    1 kg- 2 kg 27,00 € 27,00 € 27,00 € 27,00 € over    2 kg- 5 kg 18,00 € 32,00 € 38,00 € 45,00 € over   5 kg-10 kg 24,00 € 37,00 € 50,00 € 62,00 € over 10 kg-20 kg 34,00 € 52,00 € 71,00 € 95,00 € Note: as general rule, we ship items up to 2 kg as maxi letter, and items starting at 2 kg as parcel. This way, parcel tracking is possible. Thus, Zone 1 there would be 18.00 EUR of postal charges for parcels up to 5 kg. For further questions this regard, please do not hesitate to contact us. Zone 1: Europe I Andorra, Austria, Azores, Belgium, Czech Republic, Denmark, Faroe Islands (DK), Finland, France, Great Britain, Greece, Greenland, Guernsey, Ireland, Italy, Jersey, Liechtenstein, Luxembourg, Monaco, Netherlands, Poland, Portugal, San Marino, Slovakia, Spain (including Balearics), Sweden, Vatican City. Zone 2: Europe II Albania, Armenia, Azerbaijan, Belarus, Bosnia-Herzegovina, Bulgaria, Canary Islands, Croatia, Cyprus, Estonia, Georgia, Iceland, Kazakhstan, Kosovo, Latvia, Lithuania, Macedonia, Malta, Montenegro, Norway, Romania, Russian Federation, Switzerland, Serbia, Turkey, Ukraine, Yugoslavia. Zone 3: World I Algeria, Bahrain, Canada, Egypt, Iraq, Iran, Israel, Jordan, Kuwait, Lebanon, Libya, Morocco, Oman, Qatar, Saudi Arabia, St. Pierre and Miquelon, Syria, Tunisia, United Arab Emirates, United States of America, Yemen. Zone 4: World II All countries and territories not covered by zones 1, 2 or 3. Should your country of destination not be among the other regions, it belongs to this zone. Powered by First-Web * Gilt für Lieferungen Deutschland. Lieferzeiten für Länder Informationen Berechnung Liefertermins siehe </fragment> </item> <item> <fragment> Zitronenöl, kbA - Biofrid-Cosmetic GmbH &amp; Co. KG Herstellung Vertrieb diätetischen, kosmetischen pharmazeutischen Produkten » Startseite Login / Registrierung | Ihre persönliche Seite | Warenkorb | Kasse Suche Literatur Produkte Ätherische/fette Öle Kosmetik Nahrungsergänzung/erg.bil. Diät Liefer- Versandkosten Datenschutz Unsere AGB Impressum Kontakt Widerrufsrecht Widerrufsformular Newsletter Biofrid Cosmetic GmbH &amp; Co.KG Hasseler Steinweg 9 27318 Hoya Postfach 1355 27316 Hoya Telefon 04251 9352-396 Telefax 04251 9352-290 Social Bookmarks [&lt;&lt;Erstes] [&lt;zurück] [weiter&gt;] [Letztes&gt;&gt;] 120 Artikel Kategorie Zitronenöl, kbA Inhalt: 10 ml Art.Nr.: 93902 PZN: 6872238 Preis: 6,50 EUR PAngV: 65,00 EUR pro 100 ml Gewicht: 0.05 Kg Ab 6,50 EUR incl. 19 % UST exkl. Versandkosten Lieferzeit: 3-7 Werktage* Das Produkt derzeitig lieferbar. Bestellungen können Ende April ausgeführt werden. Herkunft: Italien Art Produkts: Ätherisches Öl kontrolliert biologischem Anbau (kbA) Beschreibung: Dieses Öl starke Kopfnote, spritzig, frisch anregend duftet. Es klärt Luft unverkennbaren klaren Duft. Besonders anregend wirkt es, fließendem Wasser verdunsten kann. Hinweis: Unsere ätherischen fetten Öle kontrolliert biologischem Anbau (kbA) höchster Qualität. Es handelt flüchtige, hochkonzentrierte, ölige Substanzen, unterschiedlichen Herstellungsverfahren - Wasserdampfdestillation kalte Pressung - verschiedenen Pflanzenteilen gewonnen werden. Sie zumeist farblos hinterlassen Regel (außer Kaltpressung) sichtbaren Spuren, verflüchtigt haben. Diese ätherischen Öle 100% naturrein. Der Einsatz ätherischer Öle sparsam bewusst geschehen. Sie dienen Raumbeduftung Luftverbesserung. Sie dürfen unverdünnt Haut Schleimhäuten Kontakt gebracht werden, Reizungen führen können. In Schwangerschaft Kindern besondere Vorsicht geboten. Die angebotenen genuinen ätherischen Öle aufgrund Vielzahl einzigen Pflanze enthaltenen Duftstoffe umfassendes Bouquet. Darauf bezüglich Wahl Herkunftslandes Wert gelegt, Sortiment bewusst knapp gehalten. Aufgrund Lieferengpässen Ernteausfällen Ausnahmefällen Land gewechselt werden. Als Trägeröl bieten Jojobaöl an. Inhalt: Citrus limon Fruchtschalen Kunden, Artikel kauften, folgende Artikel gekauft: Didier® Nachtkerzen-Vitamin E Lotion Ab 10,60 EUR incl. 19 % UST exkl. Versandkosten Propolis Creme Biofrid Ab 6,90 EUR incl. 19 % UST exkl. Versandkosten Didier® Badeperlen Germanium Ab 19,90 EUR incl. 19 % UST exkl. Versandkosten Rosengeranienöl, kbA Ab 7,70 EUR incl. 19 % UST exkl. Versandkosten Niaouliöl, kbA Ab 7,00 EUR incl. 19 % UST exkl. Versandkosten Teebaumöl, kbA Ab 6,90 EUR incl. 19 % UST exkl. Versandkosten Powered by First-Web * Gilt für Lieferungen Deutschland. Lieferzeiten für Länder Informationen Berechnung Liefertermins siehe </fragment> </item> <item> <fragment> Biofrid-Cosmetic GmbH &amp; Co. KG Herstellung Vertrieb diätetischen, kosmetischen pharmazeutischen Produkten » Home Login / Register | Your account | Shopping Cart | Cash box Search Literature Products Cosmetics Dietary Supplement Essential/fatty oils Shipping &amp; Returns Privacy Notice General terms and conditions Imprint Contact Right of revocation Standard withdrawal form Newsletter Biofrid Cosmetic GmbH &amp; Co.KG Hasseler Steinweg 9 27318 Hoya Postfach 1355 27316 Hoya Telefon 04251 9352-396 Telefax 04251 9352-290 Social Bookmarks Your shopping cart contains: You do not have anything your shopping cart yet. Powered by First-Web * Gilt für Lieferungen Deutschland. Lieferzeiten für Länder Informationen Berechnung Liefertermins siehe </fragment> </item> <item> <fragment> Lavendelöl, kbA - Biofrid-Cosmetic GmbH &amp; Co. KG Herstellung Vertrieb diätetischen, kosmetischen pharmazeutischen Produkten » Startseite Login / Registrierung | Ihre persönliche Seite | Warenkorb | Kasse Suche Literatur Produkte Ätherische/fette Öle Kosmetik Nahrungsergänzung/erg.bil. Diät Liefer- Versandkosten Datenschutz Unsere AGB Impressum Kontakt Widerrufsrecht Widerrufsformular Newsletter Biofrid Cosmetic GmbH &amp; Co.KG Hasseler Steinweg 9 27318 Hoya Postfach 1355 27316 Hoya Telefon 04251 9352-396 Telefax 04251 9352-290 Social Bookmarks [&lt;&lt;Erstes] [&lt;zurück] [weiter&gt;] [Letztes&gt;&gt;] 120 Artikel Kategorie Lavendelöl, kbA Inhalt: 10 ml Art.Nr.: 93202 PZN: 6871960 Preis: 8,50 EUR PAngV: 85,00 EUR pro 100 ml Gewicht: 0.05 Kg Ab 8,50 EUR incl. 19 % UST exkl. Versandkosten Lieferzeit: 3-7 Werktage* Herkunft: Bulgarien Art Produkts: Ätherisches Öl kontrolliert biologischem Anbau (kbA) Beschreibung: Das bekannteste klassische Duftöl frischen, krautig-blumigen Duft, wirkt ausgleichend harmonisierend Kombination Ölen wunderbaren Harmonisierung Duftmischungen führen. Hinweis: nsere ätherischen fetten Öle kontrolliert biologischem Anbau (kbA) höchster Qualität. Es handelt flüchtige, hochkonzentrierte, ölige Substanzen, unterschiedlichen Herstellungsverfahren - Wasserdampfdestillation kalte Pressung - verschiedenen Pflanzenteilen gewonnen werden. Sie zumeist farblos hinterlassen Regel (außer Kaltpressung) sichtbaren Spuren, verflüchtigt haben. Diese ätherischen Öle 100% naturrein. Der Einsatz ätherischer Öle sparsam bewusst geschehen. Sie dienen Raumbeduftung Luftverbesserung. Sie dürfen unverdünnt Haut Schleimhäuten Kontakt gebracht werden, Reizungen führen können. In Schwangerschaft Kindern besondere Vorsicht geboten. Die angebotenen genuinen ätherischen Öle aufgrund Vielzahl einzigen Pflanze enthaltenen Duftstoffe umfassendes Bouquet. Darauf bezüglich Wahl Herkunftslandes Wert gelegt, Sortiment bewusst knapp gehalten. Aufgrund Lieferengpässen Ernteausfällen Ausnahmefällen Land gewechselt werden. Als Trägeröl bieten Jojobaöl an. Inhalt: Lavandula angustifolia Blütenrispen Kunden, Artikel kauften, folgende Artikel gekauft: Didier® Badeperlen Germanium Ab 19,90 EUR incl. 19 % UST exkl. Versandkosten Arginin-diet Biofrid Ab 11,90 EUR incl. 7 % UST exkl. Versandkosten Didier® Hautcreme Germanium Ab 19,90 EUR incl. 19 % UST exkl. Versandkosten RMS Biofrid Ab 18,00 EUR incl. 7 % UST exkl. Versandkosten Selen-Biofrid Ab 5,50 EUR incl. 7 % UST exkl. Versandkosten Palmarosaöl, kbA Ab 5,90 EUR incl. 19 % UST exkl. Versandkosten Powered by First-Web * Gilt für Lieferungen Deutschland. Lieferzeiten für Länder Informationen Berechnung Liefertermins siehe </fragment> </item> <item> <fragment> Didier® Badeperlen Germanium (Beutel) - Biofrid-Cosmetic GmbH &amp; Co. KG Herstellung Vertrieb diätetischen, kosmetischen pharmazeutischen Produkten » Startseite Login / Registrierung | Ihre persönliche Seite | Warenkorb | Kasse Suche Literatur Produkte Ätherische/fette Öle Kosmetik Nahrungsergänzung/erg.bil. Diät Liefer- Versandkosten Datenschutz Unsere AGB Impressum Kontakt Widerrufsrecht Widerrufsformular Newsletter Biofrid Cosmetic GmbH &amp; Co.KG Hasseler Steinweg 9 27318 Hoya Postfach 1355 27316 Hoya Telefon 04251 9352-396 Telefax 04251 9352-290 Social Bookmarks [&lt;&lt;Erstes] [&lt;zurück] [weiter&gt;] [Letztes&gt;&gt;] 48 Artikel Kategorie Didier® Badeperlen Germanium (Beutel) Inhalt: 200 Perlen Art.Nr.: 27535200 Preis: 191,60 EUR PAngV: 0,96 EUR pro Stück Gewicht: 0.9 Kg Ab 191,60 EUR incl. 19 % UST exkl. Versandkosten Lieferzeit: 3-7 Werktage* Art Produkts: Badeperlen Beschreibung: Entspannung Pflege einem. Didier® Badeperlen Germanium für Hauttyp verträglich. Didier® Badeperlen Germanium ausgewählten Inhaltsstoffen hochwertige Pflege für Ihre Haut, wohltuende Art nachhaltig angeregt belebt. Sanumgerman gehört wichtigsten Bestandteilen ausgewogenen pflegenden Komposition, erstmalig Firmengruppe patentiert wurde. Die wohltuenden Inhaltsstoffe Didier® Badeperlen Germanium verteilen Auflösen Kapseln angenehm Hautfläche. Das Zusammenspiel wohlig warmen Bades Didier® Badeperlen Germanium führt entspannenden nachhaltig hautpflegenden Wirkung. Germanium Badeperlen wahre "Perlen", die, regelmäßig angewendet, beitragen, Spannkraft Frische wiederzugewinnen bewahren. Anwendung: 1x wöchentlich Vollbad 1–2 Didier® Badeperlen Hinweis: Zur Steigerung pflegenden Wirkung empfehlen zusätzlich Verwendung Didier® Hautcreme Germanium . Inhalt: 100 / 200 Badeperlen Beutel Inhaltsstoffe: Isopropyl Myristate, Gelatin, Parfum, Silica, Glycerin, Germanium-Citrate-Lactate Powder, Linalool, Limonene, Hexyl Cinnamal, Citronellol, Cinnamyl Alcohol, Eugenol, Alpha-Isomethyl Ionone, Hydroxyisohexyl 3-Cyclohexene Carboxaldehyde, Ethylparaben, Propylparaben, Denatonium Benzoate, CI 77492 Kunden, Artikel kauften, folgende Artikel gekauft: Didier® Nachtkerzen-Vitamin E Lotion Ab 10,60 EUR incl. 19 % UST exkl. Versandkosten Teebaumöl, kbA Ab 6,90 EUR incl. 19 % UST exkl. Versandkosten Zedernöl, kbA Ab 8,50 EUR incl. 19 % UST exkl. Versandkosten Didier® Badeperlen Germanium Ab 19,90 EUR incl. 19 % UST exkl. Versandkosten Zimtblätteröl, kbA Ab 4,00 EUR incl. 19 % UST exkl. Versandkosten Didier® Hautcreme Germanium Ab 19,90 EUR incl. 19 % UST exkl. Versandkosten Powered by First-Web * Gilt für Lieferungen Deutschland. Lieferzeiten für Länder Informationen Berechnung Liefertermins siehe </fragment> </item> <item> <fragment> Didier® Nachtkerzen-Vitamin E-Creme - Biofrid-Cosmetic GmbH &amp; Co. KG Herstellung Vertrieb diätetischen, kosmetischen pharmazeutischen Produkten » Startseite Login / Registrierung | Ihre persönliche Seite | Warenkorb | Kasse Suche Literatur Produkte Ätherische/fette Öle Kosmetik Nahrungsergänzung/erg.bil. Diät Liefer- Versandkosten Datenschutz Unsere AGB Impressum Kontakt Widerrufsrecht Widerrufsformular Newsletter Biofrid Cosmetic GmbH &amp; Co.KG Hasseler Steinweg 9 27318 Hoya Postfach 1355 27316 Hoya Telefon 04251 9352-396 Telefax 04251 9352-290 Social Bookmarks [&lt;&lt;Erstes] [&lt;zurück] [weiter&gt;] [Letztes&gt;&gt;] 48 Artikel Kategorie Didier® Nachtkerzen-Vitamin E-Creme bisheriges Design (120 ml) Inhalt: 100 ml Art.Nr.: 98403 PZN: 9372677 Preis: 7,50 EUR PAngV: 7,50 EUR pro 100 ml Gewicht: 0.14 Kg Ab 7,50 EUR incl. 19 % UST exkl. Versandkosten Lieferzeit: 3-7 Werktage* Art Produkts: Creme Beschreibung: Die Wirkung Nachkerzenöls kannten Indianer Nordamerikas: Sie sammelten Samen, zerstampfen Brei Hautausschläge einzusetzen. Dieses Öl reich wertvollen, essentiellen Fettsäuren. Speziell Nachtkerzenöl enthaltene Gamma-Linolensäure ausreichend Körper gebildet. Viele Menschen leiden zudem trockener, schuppiger Haut. Die Anwendung Nachtkerzenöl spendet nötige Feuchtigkeit verleiht Haut gepflegtes Aussehen. Die Haut zart geschmeidig. Auch Schuppenflechte Neurodermitis Öl Nachtkerze unterstützenden Pflege geeignet. Didier® Nachtkerzen-Vitamin E-Creme bietet normalen, trockenen, empfindlichen reifen, frühzeitiger Hautalterung neigenden Haut optimalen Schutz gegenüber schädlichen Umwelteinflüssen verleiht gepflegtes Aussehen strahlenden Teint. Wertvolle Inhaltsstoffe pflegen Haut umfassend glatt geschmeidig. Die Creme schützt Feuchtigkeitsverlust wirkt Austrocknung Haut entgegen. So hilft sie, natürliche Zartheit Elastizität aufrechtzuerhalten. Tragen Sie Didier® Nachtkerzen-Vitamin E-Creme abends Gesicht, Hals Dekolleté massieren sanft ein. Hinweis: • verleiht Haut gepflegtes Aussehen strahlenden Teint • schützt Feuchtigkeitsverlust wirkt Austrocknung Haut entgegen Nachtkerzen-Vitamin E Creme eignet feuchtigkeitsspendende Gesichtsmaske. Tragen Sie Creme großzügig Gesicht Hals auf. Die Haut zart geschmeidig. Inhaltsstoffe: Water (aqua), Isopropyl Palpitate, Polyglyceryl-2 Sesquiisostearate, Mineral Oil (paraffinum liquidum), Microcrystalline Wax (cera microcristallina), Paraffin, Magnesium Stearate, Bees wax (cera alba), Aluminum Stearate, Polyethylene, Evening primrose (oenothera biennis) Oil, Tocopheryl Acetate, Glycerin, PEG-7 Hydrogenated Castor Oil, Bees Wax (cera flava), Magnesium Sulfate, Fragrance (parfum), Benzyl Alcohol, Methylchloroisothiazolinone, Methylisothiazolinone, Allantoin Kunden, Artikel kauften, folgende Artikel gekauft: Nachtkerzenöl Kapseln Ab 10,20 EUR incl. 7 % UST exkl. Versandkosten Didier® Badeperlen Germanium Ab 19,90 EUR incl. 19 % UST exkl. Versandkosten Zink-diet Biofrid Ab 9,00 EUR incl. 7 % UST exkl. Versandkosten Fischöl Kapseln Biofrid Ab 10,70 EUR incl. 7 % UST exkl. Versandkosten Majoranöl, kbA Ab 6,90 EUR incl. 19 % UST exkl. Versandkosten Thymianöl (linalol), kbA Ab 11,40 EUR incl. 19 % UST exkl. Versandkosten Powered by First-Web * Gilt für Lieferungen Deutschland. Lieferzeiten für Länder Informationen Berechnung Liefertermins siehe </fragment> </item> <item> <fragment> Ringelblumen Creme Biofrid - Biofrid-Cosmetic GmbH &amp; Co. KG Herstellung Vertrieb diätetischen, kosmetischen pharmazeutischen Produkten » Startseite Login / Registrierung | Ihre persönliche Seite | Warenkorb | Kasse Suche Literatur Produkte Ätherische/fette Öle Kosmetik Nahrungsergänzung/erg.bil. Diät Liefer- Versandkosten Datenschutz Unsere AGB Impressum Kontakt Widerrufsrecht Widerrufsformular Newsletter Biofrid Cosmetic GmbH &amp; Co.KG Hasseler Steinweg 9 27318 Hoya Postfach 1355 27316 Hoya Telefon 04251 9352-396 Telefax 04251 9352-290 Social Bookmarks [&lt;&lt;Erstes] [&lt;zurück] [weiter&gt;] [Letztes&gt;&gt;] 48 Artikel Kategorie Ringelblumen Creme Biofrid bisheriges Design Inhalt: 100 ml Art.Nr.: 24520100 PZN: 4255955 Preis: 6,90 EUR PAngV: 6,90 EUR pro 100 ml Gewicht: 0.14 Kg Ab 6,90 EUR incl. 19 % UST exkl. Versandkosten Lieferzeit: 3-7 Werktage* Art Produkts: Creme Beschreibung: Energiespendende Haut- Körperpflege für Hauttyp Calendula officinalis erhöht Widerstandsfähigkeit Haut schafft Ausgleich Feuchtigkeitsmangel. Sie wirkt restrukturierend unterstützt natürlichen Regenerationsprozess. Ringelblumen Creme Biofrid bietet wertvollen Zusätzen Calendula officinalis, echtem Bienenwachs, Glycerin, Allantoin, Hamamelis Hautschutzvitaminen A E optimale 24-Stunden-Versorgung allem, Umwelteinflüsse strapazierte Haut benötigt. Durch geschmeidige, fettende Konsistenz eignet Ringelblumen Creme Biofrid Gesichts- Ganzkörperpflege. Der Zusatz Beta-Carotin (Provitamin A) dient natürlicher UV-Filter. Inhaltsstoffe: Water (aqua), Isopropyl palmitate, Polyglyceryl-2 Sesquiisostearate, Mineral Oil (paraffinum liquidum), Microcrystalline Wax (cera microcristallina), Paraffin, Magnesium Stearate, Beeswax (cera alba), Aluminum Stearate, Polyethylene, Soybean (glycine soja) oily extract, Calendula (calendula officinalis), PEG-7 Hydrogenated Castor Oil, Glycerin, Beeswax (cera flava), Propylene Tocopheryl Acetate, Retinyl Palpitate, Bisabolol 100, Fragrance (parfum), Benzyl Alcohol, Methylchloroisothiazolinone, Methylisothiazolinone, Beta Carotene, Allantoin Kunden, Artikel kauften, folgende Artikel gekauft: Nachtkerzenöl Kapseln Ab 10,20 EUR incl. 7 % UST exkl. Versandkosten Didier® Badeperlen Germanium Ab 19,90 EUR incl. 19 % UST exkl. Versandkosten Rosengeranienöl, kbA Ab 7,70 EUR incl. 19 % UST exkl. Versandkosten Arginin-diet Biofrid Ab 11,90 EUR incl. 7 % UST exkl. Versandkosten Majoranöl, kbA Ab 6,90 EUR incl. 19 % UST exkl. Versandkosten Thymianöl (linalol), kbA Ab 11,40 EUR incl. 19 % UST exkl. Versandkosten Powered by First-Web * Gilt für Lieferungen Deutschland. Lieferzeiten für Länder Informationen Berechnung Liefertermins siehe </fragment> </item> <item> <fragment> Mandarinenöl (rot) kbA - Biofrid-Cosmetic GmbH &amp; Co. KG Herstellung Vertrieb diätetischen, kosmetischen pharmazeutischen Produkten » Startseite Login / Registrierung | Ihre persönliche Seite | Warenkorb | Kasse Suche Literatur Produkte Ätherische/fette Öle Kosmetik Nahrungsergänzung/erg.bil. Diät Liefer- Versandkosten Datenschutz Unsere AGB Impressum Kontakt Widerrufsrecht Widerrufsformular Newsletter Biofrid Cosmetic GmbH &amp; Co.KG Hasseler Steinweg 9 27318 Hoya Postfach 1355 27316 Hoya Telefon 04251 9352-396 Telefax 04251 9352-290 Social Bookmarks [weiter&gt;] [Letztes&gt;&gt;] 54 Artikel Kategorie Mandarinenöl (rot) kbA Inhalt: 10 ml Art.Nr.: 93302 PZN: 6871977 Preis: 7,70 EUR PAngV: 77,00 EUR pro 100 ml Gewicht: 0.05 Kg Ab 7,70 EUR incl. 19 % UST exkl. Versandkosten Lieferzeit: 3-7 Werktage* Herkunft: Italien Art Produkts: Ätherisches Öl kontrolliert biologischem Anbau (kbA) Beschreibung: Das ätherische Öl Kaltpressung Schale reifen Frucht gewonnen. Aus Grunde duftet süß, lieblich fruchtig. Kinder ältere Menschen lieben Duft sehr, beruhigend, gleichzeitig erheiternd erfrischend wirkt. Hinweis: Unsere ätherischen fetten Öle kontrolliert biologischem Anbau (kbA) höchster Qualität. Es handelt flüchtige, hochkonzentrierte, ölige Substanzen, unterschiedlichen Herstellungsverfahren - Wasserdampfdestillation kalte Pressung - verschiedenen Pflanzenteilen gewonnen werden. Sie zumeist farblos hinterlassen Regel (außer Kaltpressung) sichtbaren Spuren, verflüchtigt haben. Diese ätherischen Öle 100% naturrein. Der Einsatz ätherischer Öle sparsam bewusst geschehen. Sie dienen Raumbeduftung Luftverbesserung. Sie dürfen unverdünnt Haut Schleimhäuten Kontakt gebracht werden, Reizungen führen können. In Schwangerschaft Kindern besondere Vorsicht geboten. Die angebotenen genuinen ätherischen Öle aufgrund Vielzahl einzigen Pflanze enthaltenen Duftstoffe umfassendes Bouquet. Darauf bezüglich Wahl Herkunftslandes Wert gelegt, Sortiment bewusst knapp gehalten. Aufgrund Lieferengpässen Ernteausfällen Ausnahmefällen Land gewechselt werden. Als Trägeröl bieten Jojobaöl an. Inhalt: Citrus reticulata Fruchtschale Kunden, Artikel kauften, folgende Artikel gekauft: Didier® Nachtkerzen-Vitamin E Lotion Ab 10,60 EUR incl. 19 % UST exkl. Versandkosten Didier® Badeperlen Germanium Ab 19,90 EUR incl. 19 % UST exkl. Versandkosten Arginin-diet Biofrid Ab 11,90 EUR incl. 7 % UST exkl. Versandkosten Thymianöl (linalol), kbA Ab 11,40 EUR incl. 19 % UST exkl. Versandkosten Niaouliöl, kbA Ab 7,00 EUR incl. 19 % UST exkl. Versandkosten Teebaumöl, kbA Ab 6,90 EUR incl. 19 % UST exkl. Versandkosten Powered by First-Web * Gilt für Lieferungen Deutschland. Lieferzeiten für Länder Informationen Berechnung Liefertermins siehe </fragment> </item> <item> <fragment> Zitronenöl, kbA - Biofrid-Cosmetic GmbH &amp; Co. KG Herstellung Vertrieb diätetischen, kosmetischen pharmazeutischen Produkten » Startseite Login / Registrierung | Ihre persönliche Seite | Warenkorb | Kasse Suche Literatur Produkte Ätherische/fette Öle Kosmetik Nahrungsergänzung/erg.bil. Diät Liefer- Versandkosten Datenschutz Unsere AGB Impressum Kontakt Widerrufsrecht Widerrufsformular Newsletter Biofrid Cosmetic GmbH &amp; Co.KG Hasseler Steinweg 9 27318 Hoya Postfach 1355 27316 Hoya Telefon 04251 9352-396 Telefax 04251 9352-290 Social Bookmarks [weiter&gt;] [Letztes&gt;&gt;] 54 Artikel Kategorie Zitronenöl, kbA Inhalt: 10 ml Art.Nr.: 93902 PZN: 6872238 Preis: 6,50 EUR PAngV: 65,00 EUR pro 100 ml Gewicht: 0.05 Kg Ab 6,50 EUR incl. 19 % UST exkl. Versandkosten Lieferzeit: 3-7 Werktage* Das Produkt derzeitig lieferbar. Bestellungen können Ende April ausgeführt werden. Herkunft: Italien Art Produkts: Ätherisches Öl kontrolliert biologischem Anbau (kbA) Beschreibung: Dieses Öl starke Kopfnote, spritzig, frisch anregend duftet. Es klärt Luft unverkennbaren klaren Duft. Besonders anregend wirkt es, fließendem Wasser verdunsten kann. Hinweis: Unsere ätherischen fetten Öle kontrolliert biologischem Anbau (kbA) höchster Qualität. Es handelt flüchtige, hochkonzentrierte, ölige Substanzen, unterschiedlichen Herstellungsverfahren - Wasserdampfdestillation kalte Pressung - verschiedenen Pflanzenteilen gewonnen werden. Sie zumeist farblos hinterlassen Regel (außer Kaltpressung) sichtbaren Spuren, verflüchtigt haben. Diese ätherischen Öle 100% naturrein. Der Einsatz ätherischer Öle sparsam bewusst geschehen. Sie dienen Raumbeduftung Luftverbesserung. Sie dürfen unverdünnt Haut Schleimhäuten Kontakt gebracht werden, Reizungen führen können. In Schwangerschaft Kindern besondere Vorsicht geboten. Die angebotenen genuinen ätherischen Öle aufgrund Vielzahl einzigen Pflanze enthaltenen Duftstoffe umfassendes Bouquet. Darauf bezüglich Wahl Herkunftslandes Wert gelegt, Sortiment bewusst knapp gehalten. Aufgrund Lieferengpässen Ernteausfällen Ausnahmefällen Land gewechselt werden. Als Trägeröl bieten Jojobaöl an. Inhalt: Citrus limon Fruchtschalen Kunden, Artikel kauften, folgende Artikel gekauft: Didier® Nachtkerzen-Vitamin E Lotion Ab 10,60 EUR incl. 19 % UST exkl. Versandkosten Propolis Creme Biofrid Ab 6,90 EUR incl. 19 % UST exkl. Versandkosten Didier® Badeperlen Germanium Ab 19,90 EUR incl. 19 % UST exkl. Versandkosten Rosengeranienöl, kbA Ab 7,70 EUR incl. 19 % UST exkl. Versandkosten Niaouliöl, kbA Ab 7,00 EUR incl. 19 % UST exkl. Versandkosten Teebaumöl, kbA Ab 6,90 EUR incl. 19 % UST exkl. Versandkosten Powered by First-Web * Gilt für Lieferungen Deutschland. Lieferzeiten für Länder Informationen Berechnung Liefertermins siehe </fragment> </item> <item> <fragment> - Biofrid-Cosmetic GmbH &amp; Co. KG Herstellung Vertrieb diätetischen, kosmetischen pharmazeutischen Produkten » Startseite Login / Registrierung | Ihre persönliche Seite | Warenkorb | Kasse Suche Literatur Produkte Ätherische/fette Öle Kosmetik Nahrungsergänzung/erg.bil. Diät Liefer- Versandkosten Datenschutz Unsere AGB Impressum Kontakt Widerrufsrecht Widerrufsformular Newsletter Biofrid Cosmetic GmbH &amp; Co.KG Hasseler Steinweg 9 27318 Hoya Postfach 1355 27316 Hoya Telefon 04251 9352-396 Telefax 04251 9352-290 Social Bookmarks Bestellung widerrufen Wenn Sie gesetzliche Widerrufsrecht für Ihre Bestellung unserem Shop ausüben möchten, können Sie folgende Formular Angabe Bestell-Nr. entsprechenden eMail-Adresse verwenden. Nach Absenden Formulars erhalten Sie automatische Bestätigung über Erhalt Widerrufs. Ihre Bestell-Nr.: Ihre eMail-Adresse: Powered by First-Web * Gilt für Lieferungen Deutschland. Lieferzeiten für Länder Informationen Berechnung Liefertermins siehe </fragment> </item> <item> <fragment> Widerrufsrecht - Biofrid-Cosmetic GmbH &amp; Co. KG Herstellung Vertrieb diätetischen, kosmetischen pharmazeutischen Produkten » Startseite Login / Registrierung | Ihre persönliche Seite | Warenkorb | Kasse Suche Literatur Produkte Ätherische/fette Öle Kosmetik Nahrungsergänzung/erg.bil. Diät Liefer- Versandkosten Datenschutz Unsere AGB Impressum Kontakt Widerrufsrecht Widerrufsformular Newsletter Biofrid Cosmetic GmbH &amp; Co.KG Hasseler Steinweg 9 27318 Hoya Postfach 1355 27316 Hoya Telefon 04251 9352-396 Telefax 04251 9352-290 Social Bookmarks Widerrufsrecht Widerrufsbelehrung für Verbraucher Verbrauchern steht Widerrufsrecht folgender Maßgabe zu, wobei Verbraucher natürliche Person ist, Rechtsgeschäft Zwecke abschließt, weder gewerblichen selbständigen beruflichen Tätigkeit zugerechnet können: Widerrufsbelehrung Widerrufsrecht Sie Recht, binnen vierzehn Tagen Angabe Gründen Vertrag widerrufen. Die Widerrufsfrist beträgt vierzehn Tage Tag Sie Ihnen benannter Dritter, Beförderer ist, letzte Ware Besitz genommen bzw. hat. Um Ihr Widerrufsrecht auszuüben, müssen Sie Biofrid-Cosmetic GmbH &amp; Co. KG, Hasseler Steinweg 9, 27318 Hoya; Tel.: 04251/9352-395; Fax: 04251/9352-290; info@biofrid.de mittels eindeutigen Erklärung (z. B. Post versandter Brief, Telefax E-Mail) über Ihren Entschluss, Vertrag widerrufen, informieren. Sie können dafür beigefügte Muster-Widerrufsformular verwenden, vorgeschrieben ist. Sie können Muster-Widerrufsformular eindeutige Erklärung Webseite www.biofrid.de elektronisch ausfüllen übermitteln. Machen Sie Möglichkeit Gebrauch, Ihnen unverzüglich (z. B. per E-Mail) Bestätigung über Eingang Widerrufs übermitteln.“ Zur Wahrung Widerrufsfrist reicht aus, Sie Mitteilung über Ausübung Widerrufsrechts Ablauf Widerrufsfrist absenden. Folgen Widerrufs Wenn Sie Vertrag widerrufen, Ihnen Zahlungen, Ihnen erhalten haben, einschließlich Lieferkosten (mit Ausnahme zusätzlichen Kosten, ergeben, Sie Art Lieferung angebotene, günstigste Standardlieferung gewählt haben), unverzüglich spätestens binnen vierzehn Tagen Tag zurückzuzahlen, Mitteilung über Ihren Widerruf Vertrags eingegangen ist. Für Rückzahlung verwenden Zahlungsmittel, Sie ursprünglichen Transaktion eingesetzt haben, denn, Ihnen ausdrücklich anderes vereinbart; Fall Ihnen Rückzahlung Entgelte berechnet. Wir können Rückzahlung verweigern, Waren zurückerhalten Sie Nachweis erbracht haben, Sie Waren zurückgesandt haben, nachdem, frühere Zeitpunkt ist. Sie Waren unverzüglich Fall spätestens binnen vierzehn Tagen Tag, Sie über Widerruf Vertrags unterrichten, zurückzusenden übergeben. Die Frist gewahrt, Sie Waren Ablauf Frist vierzehn Tagen absenden. Sie tragen unmittelbaren Kosten Rücksendung Waren. Sie müssen für etwaigen Wertverlust Waren aufkommen, Wertverlust Prüfung Beschaffenheit, Eigenschaften Funktionsweise Waren notwendigen Umgang zurückzuführen ist. Ende Widerrufsbelehrung Ausschluss Widerrufsrechts Lieferung Ton- Videoaufnahmen Computersoftware versiegelten Packung, Versiegelung Lieferung entfernt wurde. Allgemeine Hinweise 1. Bitte vermeiden Sie Beschädigungen Verunreinigungen Ware. Senden Sie Ware bitte möglichst Originalverpackung sämtlichem Zubehör Verpackungsbestandteilen zurück. Verwenden Sie ggf. schützende Umverpackung. Wenn Sie Originalverpackung besitzen, sorgen Sie bitte geeigneten Verpackung für ausreichenden Schutz Transportschäden. 2. Bitte beachten Sie, vorgenannte Ziffer 1 Voraussetzung für wirksame Ausübung Widerrufsrechts ist. Muster-Widerrufsformular (Wenn Sie Vertrag widerrufen wollen, füllen Sie bitte Formular senden Sie zurück.) - An Biofrid-Cosmetic GmbH &amp; Co. KG, Geschäftsführer: Reiner Kehlbeck, Heinfried Kehlbeck, Natascha Kehlbeck, Martin Stannat, Hasseler Steinweg 9, 27318 Hoya, Fax: 04251/9352-290, E-Mail: info@biofrid.de - Hiermit widerrufe(n) ich/ (*) mir/ (*) abgeschlossenen Vertrag über Kauf folgenden Waren (*)/die Erbringung folgenden Dienstleistung (*) - Bestellt (*)/ erhalten (*) - Name des/ Verbraucher(s) - Anschrift des/ Verbraucher(s) - Unterschrift des/ Verbraucher(s) (nur Mitteilung Papier) - Datum (*) Unzutreffendes streichen. Powered by First-Web * Gilt für Lieferungen Deutschland. Lieferzeiten für Länder Informationen Berechnung Liefertermins siehe </fragment> </item> <item> <fragment> Impressum - Biofrid-Cosmetic GmbH &amp; Co. KG Herstellung Vertrieb diätetischen, kosmetischen pharmazeutischen Produkten » Startseite Login / Registrierung | Ihre persönliche Seite | Warenkorb | Kasse Suche Literatur Produkte Ätherische/fette Öle Kosmetik Nahrungsergänzung/erg.bil. Diät Liefer- Versandkosten Datenschutz Unsere AGB Impressum Kontakt Widerrufsrecht Widerrufsformular Newsletter Biofrid Cosmetic GmbH &amp; Co.KG Hasseler Steinweg 9 27318 Hoya Postfach 1355 27316 Hoya Telefon 04251 9352-396 Telefax 04251 9352-290 Social Bookmarks Impressum Kontakt Biofrid-Cosmetic GmbH &amp; Co. KG Hasseler Steinweg 9-12 27318 Hoya Postfach 13 55 27316 Hoya Zentrale: Tel.: 04251/9352-395 Fax: 04251/9352-290 Montag - Donnerstag 8.00 - 16.30 Uhr Freitag 8.00 - 14.00 Uhr eMail: info@biofrid.de Homepage: www.biofrid.de Informationen deutschen Telemediengesetz: Biofrid-Cosmetic GmbH &amp; Co. KG Amtsgericht Walsrode, Handelsregister-Nr.: HRA 21124 Biofrid-Cosmetic GmbH Amtsgericht Walsrode, Handelsregister-Nr.: HRB 31096 Geschäftsführer Komplimentär-GmbH Biofrid-Cosmetic GmbH Reiner Kehlbeck, Heinfried Kehlbeck, Natascha Kehlbeck, Martin Stannat Umsatzsteuer-Identifikationsnummer: DE 116152782 Erfüllungsort Gerichtsstand: Hoya Gegenstand Unternehmens: Herstellung Vertrieb diätetischen, kosmetischen pharmazeutischen Produkten IHK Hannover 13368535657 Fotocredits: © Marina Lohrbach - Fotolia.com Haftungsausschluss 1. Inhalt Onlineangebotes Der Biofrid-Cosmetic GmbH &amp; Co. KG (Biofrid) übernimmt keinerlei Gewähr für Aktualität, Korrektheit, Vollständigkeit Qualität bereitgestellten Informationen. Haftungsansprüche Autor, Schäden materieller ideeller Art beziehen, Nutzung Nichtnutzung dargebotenen Informationen bzw. Nutzung fehlerhafter unvollständiger Informationen verursacht grundsätzlich ausgeschlossen, sofern seitens Autors nachweislich vorsätzliches grob fahrlässiges Verschulden vorliegt. Der Autor behält ausdrücklich vor, Teile Seiten gesamte Angebot gesonderte Ankündigung verändern, ergänzen, löschen Veröffentlichung zeitweise endgültig einzustellen. 2. Verweise Links Bei direkten indirekten Verweisen fremde Internetseiten ("Links"), außerhalb Verantwortungsbereiches Autors liegen, würde Haftungsverpflichtung ausschließlich Fall Kraft treten, Autor Inhalten Kenntnis technisch möglich zumutbar wäre, Nutzung Falle rechtswidriger Inhalte verhindern. Der Autor erklärt hiermit ausdrücklich, Zeitpunkt Linksetzung entsprechenden verlinkten Seiten frei illegalen Inhalten sind. Auf aktuelle zukünftige Gestaltung, Inhalte Urheberschaft gelinkten/verknüpften Seiten Biofrid keinerlei Einfluss. Deshalb distanziert hiermit ausdrücklich Inhalten gelinkten /verknüpften Seiten, Linksetzung verändert wurden. Diese Feststellung gilt für innerhalb Internetangebotes gesetzten Links Verweise. Für illegale, fehlerhafte unvollständige Inhalte insbesondere für Schäden, Nutzung Nichtnutzung solcherart dargebotener Informationen entstehen, haftet Anbieter Seite, verwiesen wurde, derjenige, über Links jeweilige Veröffentlichung lediglich verweist. Bei Bekanntwerden Rechtsverstoßes verlinkten Seiten derartige Links umgehend entfernen. 3. Urheber- Kennzeichenrecht Die Biofrid bestrebt, Publikationen Urheberrechte verwendeten Grafiken Texte beachten, erstellte Grafiken Texte nutzen lizenzfreie Grafiken Texte zurückzugreifen. Alle innerhalb Internetangebotes genannten ggf. Dritte geschützten Marken- Warenzeichen unterliegen uneingeschränkt Bestimmungen jeweils gültigen Kennzeichenrechts Besitzrechten jeweiligen eingetragenen Eigentümer. Allein aufgrund bloßen Nennung ziehen, Markenzeichen Rechte Dritter geschützt sind! Das Copyright für veröffentlichte, von Biofrid selbst erstellte Objekte bleiben Biofrid. Eine Vervielfältigung Verwendung Grafiken Texte elektronischen gedruckten Publikationen ausdrückliche Zustimmung der Biofrid gestattet. 4. Rechtswirksamkeit Haftungsausschlusses Dieser Haftungsausschluss Teil Internetangebotes betrachten, Seite verwiesen wurde. Sofern Teile einzelne Formulierungen Textes geltenden Rechtslage nicht, vollständig entsprechen sollten, bleiben übrigen Teile Dokumentes Inhalt Gültigkeit unberührt. Powered by First-Web * Gilt für Lieferungen Deutschland. Lieferzeiten für Länder Informationen Berechnung Liefertermins siehe </fragment> </item> <item> <fragment> Liefer- Versandkosten - Biofrid-Cosmetic GmbH &amp; Co. KG Herstellung Vertrieb diätetischen, kosmetischen pharmazeutischen Produkten » Startseite Login / Registrierung | Ihre persönliche Seite | Warenkorb | Kasse Suche Literatur Produkte Ätherische/fette Öle Kosmetik Nahrungsergänzung/erg.bil. Diät Liefer- Versandkosten Datenschutz Unsere AGB Impressum Kontakt Widerrufsrecht Widerrufsformular Newsletter Biofrid Cosmetic GmbH &amp; Co.KG Hasseler Steinweg 9 27318 Hoya Postfach 1355 27316 Hoya Telefon 04251 9352-396 Telefax 04251 9352-290 Social Bookmarks Liefer- Versandkosten Versand Deutschland (inkl. MwSt) : Die Ware Bestellwert 110,00 Euro versandkostenfrei geliefert, ansonsten berechnen Versandkosten gemäß nachstehenden Tabelle Gewicht bestellten Ware. Die Versendung erfolgt innerhalb Deutschland GLS. Gewichtsklasse Versandkosten (inkl. MwSt.) bis   1,0 kg 4,20 € über   1,0 kg bis   2,0 kg 4,60 € über   2,0 kg bis   5,0 kg 4,90 € über   5,0 kg 10,0 kg 5,60 € über 10,0 kg 25,0 kg 8,50 € über 25,0 kg 30,0 kg 9,20 € über 30,0 kg 40,0 kg 15,90 € Versand Europa Welt (inkl. MwSt) : Außerhalb Deutschlands erfolgt Versand per Post, GLS und DHL. Bei Sendungen 2 Kilo 500 Gramm Verpackung hinzugerechnet. Bei Sendungen 2 Kilo 25% bestellten Gewichts Verpackung hinzugerechnet. Versand Zone 1 Zone 2 Zone 3 Zone 4 bis      1 kg 17,00 € 17,00 € 17,00 € 17,00 € 1 kg -   2 kg 27,00 € 27,00 € 27,00 € 27,00 € 2 kg -   5 kg 18,00 € 32,00 € 38,00 € 45,00 € 5 kg - 10 kg 24,00 € 37,00 € 50,00 € 62,00 € 10 kg - 20 kg 34,00 € 52,00 € 71,00 € 95,00 € Achtung: versenden grundsätzlich bis 2,0 Kilo Maxibrief ab 2,0 Kilo Paket, Sendungsverfolgung möglich ist. Bis 5,0 kg würden somit Zone 1 = 18,00 Euro Versandkosten anfallen. Sollten Sie Fragen diesbezüglich haben, nehmen Sie bitte Kontakt auf. Lieferzeiten Information über Lieferzeiten: Die Frist für Lieferung Waren beginnt Zahlung per Vorkasse Tag Erteilung Zahlungsauftrags überweisende Kreditinstitut, Zahlung Rechnung Tag Vertragsschluss laufen endet Ablauf letzten Tages Frist. Fällt letzte Tag Frist Samstag, Sonntag Lieferort staatlich anerkannten Feiertag, Stelle Tages nächste Werktag. Lieferzeiten: Die Lieferzeit Deutschland erfolgt innerhalb 3-7 Werktagen. In nachfolgenden Tabelle finden Sie Lieferzeiten für Versand Länder, Sie jeweiligen Artikel angegebenen Lieferzeit hinzurechnen müssen. Versand Zone 1 Zone 2 Zone 3 Zone 4 zusätzliche Lieferzeit +14 +21 +21 +28 Zone 1: Europa I Andorra, Azoren, Belgien, Dänemark, Färöer (DK), Finnland, Frankreich, Griechenland, Grönland, Großbritannien, Guernsey, Irland, Italien, Jersey, Liechtenstein, Luxemburg, Monaco, Niederlande, Österreich, Polen, Portugal, San Marino, Schweden, Slowakei, Spanien (inklusive Balearen), Tschechische Republik, Vatikanstadt. Zone 2: Europa II Albanien, Armenien, Aserbaidschan, Belarus (Weißrussland), Bosnien Herzegowina, Bulgarien, Estland, Georgien, Island, Jugoslawien, Kanarische Inseln, Kasachstan, Kosovo, Kroatien, Lettland, Litauen, Mazedonien, Malta, Montenegro, Norwegen, Rumänien, Russische Föderation, Schweiz, Serbien, Slowenien, Türkei, Ukraine, Ungarn, Zypern. Zone 3: Welt I Ägypten, Algerien, Bahrain, Irak, Iran, Israel, Jemen, Jordanien, Kanada, Katar, Kuwait, Libanon, Libyen, Marokko, Oman, Saudi-Arabien, St. Pierre Miquelon, Syrien, Tunesien, USA, Vereinigte Arabische Emirate. Zone 4: Welt II Hierzu gehören Länder, übrigen Zonen eingeordnet sind. Wenn Sie Ihr Zielland Regionen auffinden, fällt Zone Powered by First-Web * Gilt für Lieferungen Deutschland. Lieferzeiten für Länder Informationen Berechnung Liefertermins siehe </fragment> </item> <item> <fragment> Ätherische/fette Öle - Biofrid-Cosmetic GmbH &amp; Co. KG Herstellung Vertrieb diätetischen, kosmetischen pharmazeutischen Produkten » Startseite Login / Registrierung | Ihre persönliche Seite | Warenkorb | Kasse Suche Literatur Produkte Ätherische/fette Öle Kosmetik Nahrungsergänzung/erg.bil. Diät Liefer- Versandkosten Datenschutz Unsere AGB Impressum Kontakt Widerrufsrecht Widerrufsformular Newsletter Biofrid Cosmetic GmbH &amp; Co.KG Hasseler Steinweg 9 27318 Hoya Postfach 1355 27316 Hoya Telefon 04251 9352-396 Telefax 04251 9352-290 Social Bookmarks Ätherische/fette Öle Bergamotteöl, kbA Details Ab 8,50 EUR incl. 19 % UST exkl. Versandkosten Lieferzeit:3-7 Werktage* Cajeputöl, kbA Details Ab 6,90 EUR incl. 19 % UST exkl. Versandkosten Lieferzeit:3-7 Werktage* Eukalyptusöl citriodora, kbA Details Ab 6,50 EUR incl. 19 % UST exkl. Versandkosten Lieferzeit:3-7 Werktage* Jojobaöl, kbA Details Ab 6,90 EUR incl. 19 % UST exkl. Versandkosten Lieferzeit:3-7 Werktage* Lavendelöl, kbA Details Ab 8,50 EUR incl. 19 % UST exkl. Versandkosten Lieferzeit:3-7 Werktage* Lorbeerblätteröl, kbA Details Ab 10,50 EUR incl. 19 % UST exkl. Versandkosten Lieferzeit:3-7 Werktage* Majoranöl, kbA Details Ab 6,90 EUR incl. 19 % UST exkl. Versandkosten Lieferzeit:3-7 Werktage* Mandarinenöl (rot) kbA Details Ab 7,70 EUR incl. 19 % UST exkl. Versandkosten Lieferzeit:3-7 Werktage* Nelkenblütenöl, kbA Details Ab 5,90 EUR incl. 19 % UST exkl. Versandkosten Lieferzeit:3-7 Werktage* Niaouliöl, kbA Details Ab 7,00 EUR incl. 19 % UST exkl. Versandkosten Lieferzeit:3-7 Werktage* Palmarosaöl, kbA Details Ab 5,90 EUR incl. 19 % UST exkl. Versandkosten Lieferzeit:3-7 Werktage* Pfefferminzöl, kbA Details Ab 9,70 EUR incl. 19 % UST exkl. Versandkosten Lieferzeit:3-7 Werktage* Rosengeranienöl, kbA Details Ab 7,70 EUR incl. 19 % UST exkl. Versandkosten Lieferzeit:3-7 Werktage* Rosmarinöl (verbenon), kbA Details Ab 9,50 EUR incl. 19 % UST exkl. Versandkosten Lieferzeit:3-7 Werktage* Teebaumöl, kbA Details Ab 6,90 EUR incl. 19 % UST exkl. Versandkosten Lieferzeit:3-7 Werktage* Teebaumöl, konv. Anbau Details Ab 3,90 EUR incl. 19 % UST exkl. Versandkosten Lieferzeit:3-7 Werktage* Thymianöl (linalol), kbA Details Ab 11,40 EUR incl. 19 % UST exkl. Versandkosten Lieferzeit:3-7 Werktage* Zedernöl, kbA Details Ab 8,50 EUR incl. 19 % UST exkl. Versandkosten Lieferzeit:3-7 Werktage* Zimtblätteröl, kbA Details Ab 4,00 EUR incl. 19 % UST exkl. Versandkosten Lieferzeit:3-7 Werktage* Zitronenöl, kbA Details Ab 6,50 EUR incl. 19 % UST exkl. Versandkosten Lieferzeit:3-7 Werktage* Zeige 1 20 (von insgesamt 20 Artikeln) Seiten: 1 Powered by First-Web * Gilt für Lieferungen Deutschland. Lieferzeiten für Länder Informationen Berechnung Liefertermins siehe </fragment> </item> <item> <fragment> Nahrungsergänzung/erg.bil. Diät - Biofrid-Cosmetic GmbH &amp; Co. KG Herstellung Vertrieb diätetischen, kosmetischen pharmazeutischen Produkten » Startseite Login / Registrierung | Ihre persönliche Seite | Warenkorb | Kasse Suche Literatur Produkte Ätherische/fette Öle Kosmetik Nahrungsergänzung/erg.bil. Diät Liefer- Versandkosten Datenschutz Unsere AGB Impressum Kontakt Widerrufsrecht Widerrufsformular Newsletter Biofrid Cosmetic GmbH &amp; Co.KG Hasseler Steinweg 9 27318 Hoya Postfach 1355 27316 Hoya Telefon 04251 9352-396 Telefax 04251 9352-290 Social Bookmarks Nahrungsergänzung/erg.bil. Diät Alkala® S Pulver Details Ab 16,50 EUR incl. 7 % UST exkl. Versandkosten Lieferzeit:3-7 Werktage* Arginin-diet Biofrid Details Ab 11,90 EUR incl. 7 % UST exkl. Versandkosten Lieferzeit:3-7 Werktage* EPALIPID® Details Ab 17,50 EUR incl. 7 % UST exkl. Versandkosten Lieferzeit:3-7 Werktage* Fischöl Kapseln Biofrid Details Ab 10,70 EUR incl. 7 % UST exkl. Versandkosten Lieferzeit:3-7 Werktage* Nachtkerzenöl Kapseln Details Ab 10,20 EUR incl. 7 % UST exkl. Versandkosten Lieferzeit:3-7 Werktage* Probikehl Details Ab 10,90 EUR incl. 7 % UST exkl. Versandkosten Lieferzeit:3-7 Werktage* RMS Biofrid Details Ab 18,00 EUR incl. 7 % UST exkl. Versandkosten Lieferzeit:3-7 Werktage* Selen-Biofrid Details Ab 5,50 EUR incl. 7 % UST exkl. Versandkosten Lieferzeit:3-7 Werktage* Zink-diet Biofrid Details Ab 9,00 EUR incl. 7 % UST exkl. Versandkosten Lieferzeit:3-7 Werktage* Zeige 1 9 (von insgesamt 9 Artikeln) Seiten: 1 Powered by First-Web * Gilt für Lieferungen Deutschland. Lieferzeiten für Länder Informationen Berechnung Liefertermins siehe </fragment> </item> <item> <fragment> Zitronenöl, kbA - Biofrid-Cosmetic GmbH &amp; Co. KG Herstellung Vertrieb diätetischen, kosmetischen pharmazeutischen Produkten » Startseite Login / Registrierung | Ihre persönliche Seite | Warenkorb | Kasse Suche Literatur Produkte Ätherische/fette Öle Kosmetik Nahrungsergänzung/erg.bil. Diät Liefer- Versandkosten Datenschutz Unsere AGB Impressum Kontakt Widerrufsrecht Widerrufsformular Newsletter Biofrid Cosmetic GmbH &amp; Co.KG Hasseler Steinweg 9 27318 Hoya Postfach 1355 27316 Hoya Telefon 04251 9352-396 Telefax 04251 9352-290 Social Bookmarks [&lt;&lt;Erstes] [&lt;zurück] [weiter&gt;] [Letztes&gt;&gt;] 120 Artikel Kategorie Zitronenöl, kbA Inhalt: 10 ml Art.Nr.: 93902 PZN: 6872238 Preis: 6,50 EUR PAngV: 65,00 EUR pro 100 ml Gewicht: 0.05 Kg Ab 6,50 EUR incl. 19 % UST exkl. Versandkosten Lieferzeit: 3-7 Werktage* Das Produkt derzeitig lieferbar. Bestellungen können Ende April ausgeführt werden. Herkunft: Italien Art Produkts: Ätherisches Öl kontrolliert biologischem Anbau (kbA) Beschreibung: Dieses Öl starke Kopfnote, spritzig, frisch anregend duftet. Es klärt Luft unverkennbaren klaren Duft. Besonders anregend wirkt es, fließendem Wasser verdunsten kann. Hinweis: Unsere ätherischen fetten Öle kontrolliert biologischem Anbau (kbA) höchster Qualität. Es handelt flüchtige, hochkonzentrierte, ölige Substanzen, unterschiedlichen Herstellungsverfahren - Wasserdampfdestillation kalte Pressung - verschiedenen Pflanzenteilen gewonnen werden. Sie zumeist farblos hinterlassen Regel (außer Kaltpressung) sichtbaren Spuren, verflüchtigt haben. Diese ätherischen Öle 100% naturrein. Der Einsatz ätherischer Öle sparsam bewusst geschehen. Sie dienen Raumbeduftung Luftverbesserung. Sie dürfen unverdünnt Haut Schleimhäuten Kontakt gebracht werden, Reizungen führen können. In Schwangerschaft Kindern besondere Vorsicht geboten. Die angebotenen genuinen ätherischen Öle aufgrund Vielzahl einzigen Pflanze enthaltenen Duftstoffe umfassendes Bouquet. Darauf bezüglich Wahl Herkunftslandes Wert gelegt, Sortiment bewusst knapp gehalten. Aufgrund Lieferengpässen Ernteausfällen Ausnahmefällen Land gewechselt werden. Als Trägeröl bieten Jojobaöl an. Inhalt: Citrus limon Fruchtschalen Kunden, Artikel kauften, folgende Artikel gekauft: Didier® Nachtkerzen-Vitamin E Lotion Ab 10,60 EUR incl. 19 % UST exkl. Versandkosten Propolis Creme Biofrid Ab 6,90 EUR incl. 19 % UST exkl. Versandkosten Didier® Badeperlen Germanium Ab 19,90 EUR incl. 19 % UST exkl. Versandkosten Rosengeranienöl, kbA Ab 7,70 EUR incl. 19 % UST exkl. Versandkosten Niaouliöl, kbA Ab 7,00 EUR incl. 19 % UST exkl. Versandkosten Teebaumöl, kbA Ab 6,90 EUR incl. 19 % UST exkl. Versandkosten Powered by First-Web * Gilt für Lieferungen Deutschland. Lieferzeiten für Länder Informationen Berechnung Liefertermins siehe </fragment> </item> <item> <fragment> Kosmetik - Biofrid-Cosmetic GmbH &amp; Co. KG Herstellung Vertrieb diätetischen, kosmetischen pharmazeutischen Produkten » Startseite Login / Registrierung | Ihre persönliche Seite | Warenkorb | Kasse Suche Literatur Produkte Ätherische/fette Öle Kosmetik Nahrungsergänzung/erg.bil. Diät Liefer- Versandkosten Datenschutz Unsere AGB Impressum Kontakt Widerrufsrecht Widerrufsformular Newsletter Biofrid Cosmetic GmbH &amp; Co.KG Hasseler Steinweg 9 27318 Hoya Postfach 1355 27316 Hoya Telefon 04251 9352-396 Telefax 04251 9352-290 Social Bookmarks Kosmetik Arnica Creme Biofrid Details Ab 6,90 EUR incl. 19 % UST exkl. Versandkosten Lieferzeit:3-7 Werktage* Didier® Badeperlen Germanium Details Ab 19,90 EUR incl. 19 % UST exkl. Versandkosten Lieferzeit:3-7 Werktage* Didier® Badeperlen Germanium (Beutel) Details Ab 191,60 EUR incl. 19 % UST exkl. Versandkosten Lieferzeit:3-7 Werktage* Didier® Hautcreme Germanium Details Mit verbesserter Rezeptur Basis Rohstoffen kontrolliert biologischem Anbau Ab 19,90 EUR incl. 19 % UST exkl. Versandkosten Lieferzeit:3-7 Werktage* Didier® Nachtkerzen-Vitamin E Lotion Details Ab 10,60 EUR incl. 19 % UST exkl. Versandkosten Lieferzeit:3-7 Werktage* Didier® Nachtkerzen-Vitamin E-Creme Details Ab 7,50 EUR incl. 19 % UST exkl. Versandkosten Lieferzeit:3-7 Werktage* Propolis Creme Biofrid Details Ab 6,90 EUR incl. 19 % UST exkl. Versandkosten Lieferzeit:3-7 Werktage* Ringelblumen Creme Biofrid Details Ab 6,90 EUR incl. 19 % UST exkl. Versandkosten Lieferzeit:3-7 Werktage* Zeige 1 8 (von insgesamt 8 Artikeln) Seiten: 1 Powered by First-Web * Gilt für Lieferungen Deutschland. Lieferzeiten für Länder Informationen Berechnung Liefertermins siehe </fragment> </item> <item> <fragment> Didier® Badeperlen Germanium - Biofrid-Cosmetic GmbH &amp; Co. KG Herstellung Vertrieb diätetischen, kosmetischen pharmazeutischen Produkten » Startseite Login / Registrierung | Ihre persönliche Seite | Warenkorb | Kasse Suche Literatur Produkte Ätherische/fette Öle Kosmetik Nahrungsergänzung/erg.bil. Diät Liefer- Versandkosten Datenschutz Unsere AGB Impressum Kontakt Widerrufsrecht Widerrufsformular Newsletter Biofrid Cosmetic GmbH &amp; Co.KG Hasseler Steinweg 9 27318 Hoya Postfach 1355 27316 Hoya Telefon 04251 9352-396 Telefax 04251 9352-290 Social Bookmarks [weiter&gt;] [Letztes&gt;&gt;] 120 Artikel Kategorie Didier® Badeperlen Germanium Inhalt: 15 Perlen Art.Nr.: 27535015 PZN: 3919011 Preis: 19,90 EUR PAngV: 1,33 EUR pro Stück Gewicht: 0.33 Kg Ab 19,90 EUR incl. 19 % UST exkl. Versandkosten Lieferzeit: 3-7 Werktage* Art Produkts: Badeperlen Beschreibung: Entspannung Pflege einem. Didier® Badeperlen Germanium für Hauttyp verträglich. Didier® Badeperlen Germanium ausgewählten Inhaltsstoffen hochwertige Pflege für Ihre Haut, wohltuende Art nachhaltig angeregt belebt. Sanumgerman gehört wichtigsten Bestandteilen ausgewogenen pflegenden Komposition, erstmalig Firmengruppe patentiert wurde. Die wohltuenden Inhaltsstoffe Didier® Badeperlen Germanium verteilen Auflösen Kapseln angenehm Hautfläche. Das Zusammenspiel wohlig warmen Bades Didier® Badeperlen Germanium führt entspannenden nachhaltig hautpflegenden Wirkung. Germanium Badeperlen wahre "Perlen", die, regelmäßig angewendet, beitragen, Spannkraft Frische wiederzugewinnen bewahren. Anwendung: 1x wöchentlich Vollbad 1–2 Didier® Badeperlen Hinweis: Zur Steigerung pflegenden Wirkung empfehlen zusätzlich Verwendung Didier® Hautcreme Germanium . Inhalt: Schmuckglas 15 Badeperlen Inhaltsstoffe: Isopropyl Myristate, Gelatin, Parfum, Silica, Glycerin, Germanium-Citrate-Lactate Powder, Linalool, Limonene, Hexyl Cinnamal, Citronellol, Cinnamyl Alcohol, Eugenol, Alpha-Isomethyl Ionone, Hydroxyisohexyl 3-Cyclohexene Carboxaldehyde, Ethylparaben, Propylparaben, Denatonium Benzoate, CI 77492 Kunden, Artikel kauften, folgende Artikel gekauft: Ringelblumen Creme Biofrid Ab 6,90 EUR incl. 19 % UST exkl. Versandkosten Didier® Nachtkerzen-Vitamin E Lotion Ab 10,60 EUR incl. 19 % UST exkl. Versandkosten Arnica Creme Biofrid Ab 6,90 EUR incl. 19 % UST exkl. Versandkosten Didier® Nachtkerzen-Vitamin E-Creme Ab 7,50 EUR incl. 19 % UST exkl. Versandkosten Zitronenöl, kbA Ab 6,50 EUR incl. 19 % UST exkl. Versandkosten Mandarinenöl (rot) kbA Ab 7,70 EUR incl. 19 % UST exkl. Versandkosten Powered by First-Web * Gilt für Lieferungen Deutschland. Lieferzeiten für Länder Informationen Berechnung Liefertermins siehe </fragment> </item> <item> <fragment> - Biofrid-Cosmetic GmbH &amp; Co. KG Herstellung Vertrieb diätetischen, kosmetischen pharmazeutischen Produkten » Startseite Login / Registrierung | Ihre persönliche Seite | Warenkorb | Kasse Suche Literatur Produkte Ätherische/fette Öle Kosmetik Nahrungsergänzung/erg.bil. Diät Liefer- Versandkosten Datenschutz Unsere AGB Impressum Kontakt Widerrufsrecht Widerrufsformular Newsletter Biofrid Cosmetic GmbH &amp; Co.KG Hasseler Steinweg 9 27318 Hoya Postfach 1355 27316 Hoya Telefon 04251 9352-396 Telefax 04251 9352-290 Social Bookmarks Bestellung widerrufen Wenn Sie gesetzliche Widerrufsrecht für Ihre Bestellung unserem Shop ausüben möchten, können Sie folgende Formular Angabe Bestell-Nr. entsprechenden eMail-Adresse verwenden. Nach Absenden Formulars erhalten Sie automatische Bestätigung über Erhalt Widerrufs. Ihre Bestell-Nr.: Ihre eMail-Adresse: Powered by First-Web * Gilt für Lieferungen Deutschland. Lieferzeiten für Länder Informationen Berechnung Liefertermins siehe </fragment> </item> <item> <fragment> Widerrufsrecht - Biofrid-Cosmetic GmbH &amp; Co. KG Herstellung Vertrieb diätetischen, kosmetischen pharmazeutischen Produkten » Startseite Login / Registrierung | Ihre persönliche Seite | Warenkorb | Kasse Suche Literatur Produkte Ätherische/fette Öle Kosmetik Nahrungsergänzung/erg.bil. Diät Liefer- Versandkosten Datenschutz Unsere AGB Impressum Kontakt Widerrufsrecht Widerrufsformular Newsletter Biofrid Cosmetic GmbH &amp; Co.KG Hasseler Steinweg 9 27318 Hoya Postfach 1355 27316 Hoya Telefon 04251 9352-396 Telefax 04251 9352-290 Social Bookmarks Widerrufsrecht Widerrufsbelehrung für Verbraucher Verbrauchern steht Widerrufsrecht folgender Maßgabe zu, wobei Verbraucher natürliche Person ist, Rechtsgeschäft Zwecke abschließt, weder gewerblichen selbständigen beruflichen Tätigkeit zugerechnet können: Widerrufsbelehrung Widerrufsrecht Sie Recht, binnen vierzehn Tagen Angabe Gründen Vertrag widerrufen. Die Widerrufsfrist beträgt vierzehn Tage Tag Sie Ihnen benannter Dritter, Beförderer ist, letzte Ware Besitz genommen bzw. hat. Um Ihr Widerrufsrecht auszuüben, müssen Sie Biofrid-Cosmetic GmbH &amp; Co. KG, Hasseler Steinweg 9, 27318 Hoya; Tel.: 04251/9352-395; Fax: 04251/9352-290; info@biofrid.de mittels eindeutigen Erklärung (z. B. Post versandter Brief, Telefax E-Mail) über Ihren Entschluss, Vertrag widerrufen, informieren. Sie können dafür beigefügte Muster-Widerrufsformular verwenden, vorgeschrieben ist. Sie können Muster-Widerrufsformular eindeutige Erklärung Webseite www.biofrid.de elektronisch ausfüllen übermitteln. Machen Sie Möglichkeit Gebrauch, Ihnen unverzüglich (z. B. per E-Mail) Bestätigung über Eingang Widerrufs übermitteln.“ Zur Wahrung Widerrufsfrist reicht aus, Sie Mitteilung über Ausübung Widerrufsrechts Ablauf Widerrufsfrist absenden. Folgen Widerrufs Wenn Sie Vertrag widerrufen, Ihnen Zahlungen, Ihnen erhalten haben, einschließlich Lieferkosten (mit Ausnahme zusätzlichen Kosten, ergeben, Sie Art Lieferung angebotene, günstigste Standardlieferung gewählt haben), unverzüglich spätestens binnen vierzehn Tagen Tag zurückzuzahlen, Mitteilung über Ihren Widerruf Vertrags eingegangen ist. Für Rückzahlung verwenden Zahlungsmittel, Sie ursprünglichen Transaktion eingesetzt haben, denn, Ihnen ausdrücklich anderes vereinbart; Fall Ihnen Rückzahlung Entgelte berechnet. Wir können Rückzahlung verweigern, Waren zurückerhalten Sie Nachweis erbracht haben, Sie Waren zurückgesandt haben, nachdem, frühere Zeitpunkt ist. Sie Waren unverzüglich Fall spätestens binnen vierzehn Tagen Tag, Sie über Widerruf Vertrags unterrichten, zurückzusenden übergeben. Die Frist gewahrt, Sie Waren Ablauf Frist vierzehn Tagen absenden. Sie tragen unmittelbaren Kosten Rücksendung Waren. Sie müssen für etwaigen Wertverlust Waren aufkommen, Wertverlust Prüfung Beschaffenheit, Eigenschaften Funktionsweise Waren notwendigen Umgang zurückzuführen ist. Ende Widerrufsbelehrung Ausschluss Widerrufsrechts Lieferung Ton- Videoaufnahmen Computersoftware versiegelten Packung, Versiegelung Lieferung entfernt wurde. Allgemeine Hinweise 1. Bitte vermeiden Sie Beschädigungen Verunreinigungen Ware. Senden Sie Ware bitte möglichst Originalverpackung sämtlichem Zubehör Verpackungsbestandteilen zurück. Verwenden Sie ggf. schützende Umverpackung. Wenn Sie Originalverpackung besitzen, sorgen Sie bitte geeigneten Verpackung für ausreichenden Schutz Transportschäden. 2. Bitte beachten Sie, vorgenannte Ziffer 1 Voraussetzung für wirksame Ausübung Widerrufsrechts ist. Muster-Widerrufsformular (Wenn Sie Vertrag widerrufen wollen, füllen Sie bitte Formular senden Sie zurück.) - An Biofrid-Cosmetic GmbH &amp; Co. KG, Geschäftsführer: Reiner Kehlbeck, Heinfried Kehlbeck, Natascha Kehlbeck, Martin Stannat, Hasseler Steinweg 9, 27318 Hoya, Fax: 04251/9352-290, E-Mail: info@biofrid.de - Hiermit widerrufe(n) ich/ (*) mir/ (*) abgeschlossenen Vertrag über Kauf folgenden Waren (*)/die Erbringung folgenden Dienstleistung (*) - Bestellt (*)/ erhalten (*) - Name des/ Verbraucher(s) - Anschrift des/ Verbraucher(s) - Unterschrift des/ Verbraucher(s) (nur Mitteilung Papier) - Datum (*) Unzutreffendes streichen. Powered by First-Web * Gilt für Lieferungen Deutschland. Lieferzeiten für Länder Informationen Berechnung Liefertermins siehe </fragment> </item> <item> <fragment> Impressum - Biofrid-Cosmetic GmbH &amp; Co. KG Herstellung Vertrieb diätetischen, kosmetischen pharmazeutischen Produkten » Startseite Login / Registrierung | Ihre persönliche Seite | Warenkorb | Kasse Suche Literatur Produkte Ätherische/fette Öle Kosmetik Nahrungsergänzung/erg.bil. Diät Liefer- Versandkosten Datenschutz Unsere AGB Impressum Kontakt Widerrufsrecht Widerrufsformular Newsletter Biofrid Cosmetic GmbH &amp; Co.KG Hasseler Steinweg 9 27318 Hoya Postfach 1355 27316 Hoya Telefon 04251 9352-396 Telefax 04251 9352-290 Social Bookmarks Impressum Kontakt Biofrid-Cosmetic GmbH &amp; Co. KG Hasseler Steinweg 9-12 27318 Hoya Postfach 13 55 27316 Hoya Zentrale: Tel.: 04251/9352-395 Fax: 04251/9352-290 Montag - Donnerstag 8.00 - 16.30 Uhr Freitag 8.00 - 14.00 Uhr eMail: info@biofrid.de Homepage: www.biofrid.de Informationen deutschen Telemediengesetz: Biofrid-Cosmetic GmbH &amp; Co. KG Amtsgericht Walsrode, Handelsregister-Nr.: HRA 21124 Biofrid-Cosmetic GmbH Amtsgericht Walsrode, Handelsregister-Nr.: HRB 31096 Geschäftsführer Komplimentär-GmbH Biofrid-Cosmetic GmbH Reiner Kehlbeck, Heinfried Kehlbeck, Natascha Kehlbeck, Martin Stannat Umsatzsteuer-Identifikationsnummer: DE 116152782 Erfüllungsort Gerichtsstand: Hoya Gegenstand Unternehmens: Herstellung Vertrieb diätetischen, kosmetischen pharmazeutischen Produkten IHK Hannover 13368535657 Fotocredits: © Marina Lohrbach - Fotolia.com Haftungsausschluss 1. Inhalt Onlineangebotes Der Biofrid-Cosmetic GmbH &amp; Co. KG (Biofrid) übernimmt keinerlei Gewähr für Aktualität, Korrektheit, Vollständigkeit Qualität bereitgestellten Informationen. Haftungsansprüche Autor, Schäden materieller ideeller Art beziehen, Nutzung Nichtnutzung dargebotenen Informationen bzw. Nutzung fehlerhafter unvollständiger Informationen verursacht grundsätzlich ausgeschlossen, sofern seitens Autors nachweislich vorsätzliches grob fahrlässiges Verschulden vorliegt. Der Autor behält ausdrücklich vor, Teile Seiten gesamte Angebot gesonderte Ankündigung verändern, ergänzen, löschen Veröffentlichung zeitweise endgültig einzustellen. 2. Verweise Links Bei direkten indirekten Verweisen fremde Internetseiten ("Links"), außerhalb Verantwortungsbereiches Autors liegen, würde Haftungsverpflichtung ausschließlich Fall Kraft treten, Autor Inhalten Kenntnis technisch möglich zumutbar wäre, Nutzung Falle rechtswidriger Inhalte verhindern. Der Autor erklärt hiermit ausdrücklich, Zeitpunkt Linksetzung entsprechenden verlinkten Seiten frei illegalen Inhalten sind. Auf aktuelle zukünftige Gestaltung, Inhalte Urheberschaft gelinkten/verknüpften Seiten Biofrid keinerlei Einfluss. Deshalb distanziert hiermit ausdrücklich Inhalten gelinkten /verknüpften Seiten, Linksetzung verändert wurden. Diese Feststellung gilt für innerhalb Internetangebotes gesetzten Links Verweise. Für illegale, fehlerhafte unvollständige Inhalte insbesondere für Schäden, Nutzung Nichtnutzung solcherart dargebotener Informationen entstehen, haftet Anbieter Seite, verwiesen wurde, derjenige, über Links jeweilige Veröffentlichung lediglich verweist. Bei Bekanntwerden Rechtsverstoßes verlinkten Seiten derartige Links umgehend entfernen. 3. Urheber- Kennzeichenrecht Die Biofrid bestrebt, Publikationen Urheberrechte verwendeten Grafiken Texte beachten, erstellte Grafiken Texte nutzen lizenzfreie Grafiken Texte zurückzugreifen. Alle innerhalb Internetangebotes genannten ggf. Dritte geschützten Marken- Warenzeichen unterliegen uneingeschränkt Bestimmungen jeweils gültigen Kennzeichenrechts Besitzrechten jeweiligen eingetragenen Eigentümer. Allein aufgrund bloßen Nennung ziehen, Markenzeichen Rechte Dritter geschützt sind! Das Copyright für veröffentlichte, von Biofrid selbst erstellte Objekte bleiben Biofrid. Eine Vervielfältigung Verwendung Grafiken Texte elektronischen gedruckten Publikationen ausdrückliche Zustimmung der Biofrid gestattet. 4. Rechtswirksamkeit Haftungsausschlusses Dieser Haftungsausschluss Teil Internetangebotes betrachten, Seite verwiesen wurde. Sofern Teile einzelne Formulierungen Textes geltenden Rechtslage nicht, vollständig entsprechen sollten, bleiben übrigen Teile Dokumentes Inhalt Gültigkeit unberührt. Powered by First-Web * Gilt für Lieferungen Deutschland. Lieferzeiten für Länder Informationen Berechnung Liefertermins siehe </fragment> </item> <item> <fragment> Liefer- Versandkosten - Biofrid-Cosmetic GmbH &amp; Co. KG Herstellung Vertrieb diätetischen, kosmetischen pharmazeutischen Produkten » Startseite Login / Registrierung | Ihre persönliche Seite | Warenkorb | Kasse Suche Literatur Produkte Ätherische/fette Öle Kosmetik Nahrungsergänzung/erg.bil. Diät Liefer- Versandkosten Datenschutz Unsere AGB Impressum Kontakt Widerrufsrecht Widerrufsformular Newsletter Biofrid Cosmetic GmbH &amp; Co.KG Hasseler Steinweg 9 27318 Hoya Postfach 1355 27316 Hoya Telefon 04251 9352-396 Telefax 04251 9352-290 Social Bookmarks Liefer- Versandkosten Versand Deutschland (inkl. MwSt) : Die Ware Bestellwert 110,00 Euro versandkostenfrei geliefert, ansonsten berechnen Versandkosten gemäß nachstehenden Tabelle Gewicht bestellten Ware. Die Versendung erfolgt innerhalb Deutschland GLS. Gewichtsklasse Versandkosten (inkl. MwSt.) bis   1,0 kg 4,20 € über   1,0 kg bis   2,0 kg 4,60 € über   2,0 kg bis   5,0 kg 4,90 € über   5,0 kg 10,0 kg 5,60 € über 10,0 kg 25,0 kg 8,50 € über 25,0 kg 30,0 kg 9,20 € über 30,0 kg 40,0 kg 15,90 € Versand Europa Welt (inkl. MwSt) : Außerhalb Deutschlands erfolgt Versand per Post, GLS und DHL. Bei Sendungen 2 Kilo 500 Gramm Verpackung hinzugerechnet. Bei Sendungen 2 Kilo 25% bestellten Gewichts Verpackung hinzugerechnet. Versand Zone 1 Zone 2 Zone 3 Zone 4 bis      1 kg 17,00 € 17,00 € 17,00 € 17,00 € 1 kg -   2 kg 27,00 € 27,00 € 27,00 € 27,00 € 2 kg -   5 kg 18,00 € 32,00 € 38,00 € 45,00 € 5 kg - 10 kg 24,00 € 37,00 € 50,00 € 62,00 € 10 kg - 20 kg 34,00 € 52,00 € 71,00 € 95,00 € Achtung: versenden grundsätzlich bis 2,0 Kilo Maxibrief ab 2,0 Kilo Paket, Sendungsverfolgung möglich ist. Bis 5,0 kg würden somit Zone 1 = 18,00 Euro Versandkosten anfallen. Sollten Sie Fragen diesbezüglich haben, nehmen Sie bitte Kontakt auf. Lieferzeiten Information über Lieferzeiten: Die Frist für Lieferung Waren beginnt Zahlung per Vorkasse Tag Erteilung Zahlungsauftrags überweisende Kreditinstitut, Zahlung Rechnung Tag Vertragsschluss laufen endet Ablauf letzten Tages Frist. Fällt letzte Tag Frist Samstag, Sonntag Lieferort staatlich anerkannten Feiertag, Stelle Tages nächste Werktag. Lieferzeiten: Die Lieferzeit Deutschland erfolgt innerhalb 3-7 Werktagen. In nachfolgenden Tabelle finden Sie Lieferzeiten für Versand Länder, Sie jeweiligen Artikel angegebenen Lieferzeit hinzurechnen müssen. Versand Zone 1 Zone 2 Zone 3 Zone 4 zusätzliche Lieferzeit +14 +21 +21 +28 Zone 1: Europa I Andorra, Azoren, Belgien, Dänemark, Färöer (DK), Finnland, Frankreich, Griechenland, Grönland, Großbritannien, Guernsey, Irland, Italien, Jersey, Liechtenstein, Luxemburg, Monaco, Niederlande, Österreich, Polen, Portugal, San Marino, Schweden, Slowakei, Spanien (inklusive Balearen), Tschechische Republik, Vatikanstadt. Zone 2: Europa II Albanien, Armenien, Aserbaidschan, Belarus (Weißrussland), Bosnien Herzegowina, Bulgarien, Estland, Georgien, Island, Jugoslawien, Kanarische Inseln, Kasachstan, Kosovo, Kroatien, Lettland, Litauen, Mazedonien, Malta, Montenegro, Norwegen, Rumänien, Russische Föderation, Schweiz, Serbien, Slowenien, Türkei, Ukraine, Ungarn, Zypern. Zone 3: Welt I Ägypten, Algerien, Bahrain, Irak, Iran, Israel, Jemen, Jordanien, Kanada, Katar, Kuwait, Libanon, Libyen, Marokko, Oman, Saudi-Arabien, St. Pierre Miquelon, Syrien, Tunesien, USA, Vereinigte Arabische Emirate. Zone 4: Welt II Hierzu gehören Länder, übrigen Zonen eingeordnet sind. Wenn Sie Ihr Zielland Regionen auffinden, fällt Zone Powered by First-Web * Gilt für Lieferungen Deutschland. Lieferzeiten für Länder Informationen Berechnung Liefertermins siehe </fragment> </item> <item> <fragment> Ätherische/fette Öle - Biofrid-Cosmetic GmbH &amp; Co. KG Herstellung Vertrieb diätetischen, kosmetischen pharmazeutischen Produkten » Startseite Login / Registrierung | Ihre persönliche Seite | Warenkorb | Kasse Suche Literatur Produkte Ätherische/fette Öle Kosmetik Nahrungsergänzung/erg.bil. Diät Liefer- Versandkosten Datenschutz Unsere AGB Impressum Kontakt Widerrufsrecht Widerrufsformular Newsletter Biofrid Cosmetic GmbH &amp; Co.KG Hasseler Steinweg 9 27318 Hoya Postfach 1355 27316 Hoya Telefon 04251 9352-396 Telefax 04251 9352-290 Social Bookmarks Ätherische/fette Öle Bergamotteöl, kbA Details Ab 8,50 EUR incl. 19 % UST exkl. Versandkosten Lieferzeit:3-7 Werktage* Cajeputöl, kbA Details Ab 6,90 EUR incl. 19 % UST exkl. Versandkosten Lieferzeit:3-7 Werktage* Eukalyptusöl citriodora, kbA Details Ab 6,50 EUR incl. 19 % UST exkl. Versandkosten Lieferzeit:3-7 Werktage* Jojobaöl, kbA Details Ab 6,90 EUR incl. 19 % UST exkl. Versandkosten Lieferzeit:3-7 Werktage* Lavendelöl, kbA Details Ab 8,50 EUR incl. 19 % UST exkl. Versandkosten Lieferzeit:3-7 Werktage* Lorbeerblätteröl, kbA Details Ab 10,50 EUR incl. 19 % UST exkl. Versandkosten Lieferzeit:3-7 Werktage* Majoranöl, kbA Details Ab 6,90 EUR incl. 19 % UST exkl. Versandkosten Lieferzeit:3-7 Werktage* Mandarinenöl (rot) kbA Details Ab 7,70 EUR incl. 19 % UST exkl. Versandkosten Lieferzeit:3-7 Werktage* Nelkenblütenöl, kbA Details Ab 5,90 EUR incl. 19 % UST exkl. Versandkosten Lieferzeit:3-7 Werktage* Niaouliöl, kbA Details Ab 7,00 EUR incl. 19 % UST exkl. Versandkosten Lieferzeit:3-7 Werktage* Palmarosaöl, kbA Details Ab 5,90 EUR incl. 19 % UST exkl. Versandkosten Lieferzeit:3-7 Werktage* Pfefferminzöl, kbA Details Ab 9,70 EUR incl. 19 % UST exkl. Versandkosten Lieferzeit:3-7 Werktage* Rosengeranienöl, kbA Details Ab 7,70 EUR incl. 19 % UST exkl. Versandkosten Lieferzeit:3-7 Werktage* Rosmarinöl (verbenon), kbA Details Ab 9,50 EUR incl. 19 % UST exkl. Versandkosten Lieferzeit:3-7 Werktage* Teebaumöl, kbA Details Ab 6,90 EUR incl. 19 % UST exkl. Versandkosten Lieferzeit:3-7 Werktage* Teebaumöl, konv. Anbau Details Ab 3,90 EUR incl. 19 % UST exkl. Versandkosten Lieferzeit:3-7 Werktage* Thymianöl (linalol), kbA Details Ab 11,40 EUR incl. 19 % UST exkl. Versandkosten Lieferzeit:3-7 Werktage* Zedernöl, kbA Details Ab 8,50 EUR incl. 19 % UST exkl. Versandkosten Lieferzeit:3-7 Werktage* Zimtblätteröl, kbA Details Ab 4,00 EUR incl. 19 % UST exkl. Versandkosten Lieferzeit:3-7 Werktage* Zitronenöl, kbA Details Ab 6,50 EUR incl. 19 % UST exkl. Versandkosten Lieferzeit:3-7 Werktage* Zeige 1 20 (von insgesamt 20 Artikeln) Seiten: 1 Powered by First-Web * Gilt für Lieferungen Deutschland. Lieferzeiten für Länder Informationen Berechnung Liefertermins siehe </fragment> </item> <item> <fragment> Nahrungsergänzung/erg.bil. Diät - Biofrid-Cosmetic GmbH &amp; Co. KG Herstellung Vertrieb diätetischen, kosmetischen pharmazeutischen Produkten » Startseite Login / Registrierung | Ihre persönliche Seite | Warenkorb | Kasse Suche Literatur Produkte Ätherische/fette Öle Kosmetik Nahrungsergänzung/erg.bil. Diät Liefer- Versandkosten Datenschutz Unsere AGB Impressum Kontakt Widerrufsrecht Widerrufsformular Newsletter Biofrid Cosmetic GmbH &amp; Co.KG Hasseler Steinweg 9 27318 Hoya Postfach 1355 27316 Hoya Telefon 04251 9352-396 Telefax 04251 9352-290 Social Bookmarks Nahrungsergänzung/erg.bil. Diät Alkala® S Pulver Details Ab 16,50 EUR incl. 7 % UST exkl. Versandkosten Lieferzeit:3-7 Werktage* Arginin-diet Biofrid Details Ab 11,90 EUR incl. 7 % UST exkl. Versandkosten Lieferzeit:3-7 Werktage* EPALIPID® Details Ab 17,50 EUR incl. 7 % UST exkl. Versandkosten Lieferzeit:3-7 Werktage* Fischöl Kapseln Biofrid Details Ab 10,70 EUR incl. 7 % UST exkl. Versandkosten Lieferzeit:3-7 Werktage* Nachtkerzenöl Kapseln Details Ab 10,20 EUR incl. 7 % UST exkl. Versandkosten Lieferzeit:3-7 Werktage* Probikehl Details Ab 10,90 EUR incl. 7 % UST exkl. Versandkosten Lieferzeit:3-7 Werktage* RMS Biofrid Details Ab 18,00 EUR incl. 7 % UST exkl. Versandkosten Lieferzeit:3-7 Werktage* Selen-Biofrid Details Ab 5,50 EUR incl. 7 % UST exkl. Versandkosten Lieferzeit:3-7 Werktage* Zink-diet Biofrid Details Ab 9,00 EUR incl. 7 % UST exkl. Versandkosten Lieferzeit:3-7 Werktage* Zeige 1 9 (von insgesamt 9 Artikeln) Seiten: 1 Powered by First-Web * Gilt für Lieferungen Deutschland. Lieferzeiten für Länder Informationen Berechnung Liefertermins siehe </fragment> </item> <item> <fragment> Kosmetik - Biofrid-Cosmetic GmbH &amp; Co. KG Herstellung Vertrieb diätetischen, kosmetischen pharmazeutischen Produkten » Startseite Login / Registrierung | Ihre persönliche Seite | Warenkorb | Kasse Suche Literatur Produkte Ätherische/fette Öle Kosmetik Nahrungsergänzung/erg.bil. Diät Liefer- Versandkosten Datenschutz Unsere AGB Impressum Kontakt Widerrufsrecht Widerrufsformular Newsletter Biofrid Cosmetic GmbH &amp; Co.KG Hasseler Steinweg 9 27318 Hoya Postfach 1355 27316 Hoya Telefon 04251 9352-396 Telefax 04251 9352-290 Social Bookmarks Kosmetik Arnica Creme Biofrid Details Ab 6,90 EUR incl. 19 % UST exkl. Versandkosten Lieferzeit:3-7 Werktage* Didier® Badeperlen Germanium Details Ab 19,90 EUR incl. 19 % UST exkl. Versandkosten Lieferzeit:3-7 Werktage* Didier® Badeperlen Germanium (Beutel) Details Ab 191,60 EUR incl. 19 % UST exkl. Versandkosten Lieferzeit:3-7 Werktage* Didier® Hautcreme Germanium Details Mit verbesserter Rezeptur Basis Rohstoffen kontrolliert biologischem Anbau Ab 19,90 EUR incl. 19 % UST exkl. Versandkosten Lieferzeit:3-7 Werktage* Didier® Nachtkerzen-Vitamin E Lotion Details Ab 10,60 EUR incl. 19 % UST exkl. Versandkosten Lieferzeit:3-7 Werktage* Didier® Nachtkerzen-Vitamin E-Creme Details Ab 7,50 EUR incl. 19 % UST exkl. Versandkosten Lieferzeit:3-7 Werktage* Propolis Creme Biofrid Details Ab 6,90 EUR incl. 19 % UST exkl. Versandkosten Lieferzeit:3-7 Werktage* Ringelblumen Creme Biofrid Details Ab 6,90 EUR incl. 19 % UST exkl. Versandkosten Lieferzeit:3-7 Werktage* Zeige 1 8 (von insgesamt 8 Artikeln) Seiten: 1 Powered by First-Web * Gilt für Lieferungen Deutschland. Lieferzeiten für Länder Informationen Berechnung Liefertermins siehe </fragment> </item> <item> <fragment> Propolis Creme Biofrid - Biofrid-Cosmetic GmbH &amp; Co. KG Herstellung Vertrieb diätetischen, kosmetischen pharmazeutischen Produkten » Startseite Login / Registrierung | Ihre persönliche Seite | Warenkorb | Kasse Suche Literatur Produkte Ätherische/fette Öle Kosmetik Nahrungsergänzung/erg.bil. Diät Liefer- Versandkosten Datenschutz Unsere AGB Impressum Kontakt Widerrufsrecht Widerrufsformular Newsletter Biofrid Cosmetic GmbH &amp; Co.KG Hasseler Steinweg 9 27318 Hoya Postfach 1355 27316 Hoya Telefon 04251 9352-396 Telefax 04251 9352-290 Social Bookmarks [weiter&gt;] [Letztes&gt;&gt;] 120 Artikel Kategorie Propolis Creme Biofrid 100 ml bisheriges Design Inhalt: 100 ml Art.Nr.: 24020100 PZN: 4255949 Preis: 6,90 EUR PAngV: 6,90 EUR pro 100 ml Gewicht: 0.15 Kg Ab 6,90 EUR incl. 19 % UST exkl. Versandkosten Lieferzeit: 3-7 Werktage* Art Produkts: Creme Beschreibung: Optimaler Schutz für beanspruchte Entzündungen neigende Haut Propolis altbewährter Kosmetikzusatz wertvollen Inhaltsstoffen Eisen, Zink, Magnesium Provitamin A E. Propolis Creme Biofrid enthält Propolis Zusätze Arnica montana, Allantoin, Glycerin Bienenwachs, Zusammensetzung Pflege regenerationsbedürftigen Haut fein abgestimmt sind. Propolis Creme Biofrid eignet Pflege spröder gereizter Problemhaut, Sonnenbad. Inhaltsstoffe: Aqua, Paraffinum Liquidum, Polyethylene, Isopropyl Palmitate, Polyglyceryl-2-Sesquiisostearate, Cera Microcristallina, Paraffin, Magnesium Stearate, Cera Alba, Aluminum Stearate, Glycine Soja, Arnica Montana, PEG-7 Hydrogenated Castor Oil, Glycerin, Cera Flava, Propolis Cera, Propylene Glycol, Magnesium Sulfate, Benzyl Alcohol, Methylchloroisothiazolinone, Methylisothiazolinone, Allantoin, Butylphenyl Methylpropional, Alpha-Isomethyl Ionone, Benzyl Benzoate, Citronellol, Geraniol, Hexyl Cinnamal, Hydroxycitronellal, Linalool. Kunden, Artikel kauften, folgende Artikel gekauft: Arginin-diet Biofrid Ab 11,90 EUR incl. 7 % UST exkl. Versandkosten Majoranöl, kbA Ab 6,90 EUR incl. 19 % UST exkl. Versandkosten Zitronenöl, kbA Ab 6,50 EUR incl. 19 % UST exkl. Versandkosten Thymianöl (linalol), kbA Ab 11,40 EUR incl. 19 % UST exkl. Versandkosten RMS Biofrid Ab 18,00 EUR incl. 7 % UST exkl. Versandkosten Fischöl Kapseln Biofrid Ab 10,70 EUR incl. 7 % UST exkl. Versandkosten Powered by First-Web * Gilt für Lieferungen Deutschland. Lieferzeiten für Länder Informationen Berechnung Liefertermins siehe </fragment> </item> <item> <fragment> Didier® Nachtkerzen-Vitamin E Lotion - Biofrid-Cosmetic GmbH &amp; Co. KG Herstellung Vertrieb diätetischen, kosmetischen pharmazeutischen Produkten » Startseite Login / Registrierung | Ihre persönliche Seite | Warenkorb | Kasse Suche Literatur Produkte Ätherische/fette Öle Kosmetik Nahrungsergänzung/erg.bil. Diät Liefer- Versandkosten Datenschutz Unsere AGB Impressum Kontakt Widerrufsrecht Widerrufsformular Newsletter Biofrid Cosmetic GmbH &amp; Co.KG Hasseler Steinweg 9 27318 Hoya Postfach 1355 27316 Hoya Telefon 04251 9352-396 Telefax 04251 9352-290 Social Bookmarks [weiter&gt;] [Letztes&gt;&gt;] 120 Artikel Kategorie Didier® Nachtkerzen-Vitamin E Lotion Inhalt: 250 ml Art.Nr.: 05060250 PZN: 6983794 Preis: 10,60 EUR PAngV: 4,24 EUR pro 100 ml Gewicht: 0.3 Kg Ab 10,60 EUR incl. 19 % UST exkl. Versandkosten Lieferzeit: 3-7 Werktage* Art Produkts: Lotion Beschreibung: Milde, angenehm duftende Körperlotion für Hauttyp • schützt Feuchtigkeitsverlust Austrocknung • enthält Nachtkerzenöl, Vitamin E, Hamamelisextrakt, Glycerin Allantoin • bietet optimalen Schutz gegenüber schädlichen Umwelteinflüssen &amp; wirkt vorzeitiger Hautalterung entgegen Nachtkerzen-Vitamin E Lotion schützt Haut Feuchtigkeitsverlust wirkt Austrocknung entgegen. Wertvolle Inhaltsstoffe Nachtkerzenöl, Vitamin E, Hamamelisextrakt, Glycerin Allantoin pflegen Haut umfassend glatt geschmeidig. Regelmäßig angewandt, bietet Nachtkerzen-Vitamin E Lotion optimalen Schutz gegenüber schädlichen Umwelteinflüssen beugt vorzeitiger Hautalterung vor. Die natürliche Zartheit Elastizität Haut bleibt länger erhalten. Wenden Sie Körperlotion täglich Baden, Duschen Sonnenbaden massieren Sie sanft Haut ein. Inhalt: 250 ml Spender Inhaltsstoffe: Water (aqua), Mineral Oil (paraffinum liquidum), Isopropyl Palmitate, Trilaureth-4 Phosphate, Glycerin, Evening Primrose (oenothera biennis) Oil, Tocopheryl Acetate, Sodium Carbomer, Caprylic/Capric Triglyceride, Propylene Glycol, Witch Hazel (hamamelis virginiana), Alcohol denat., Fragrance (parfum), Decyl Oleate, Allantoin, Benzyl Alcohol, Konservierungsstoff, Methychloroisothiazolinone, Methylisothiazolinone Kunden, Artikel kauften, folgende Artikel gekauft: Didier® Badeperlen Germanium Ab 19,90 EUR incl. 19 % UST exkl. Versandkosten Zink-diet Biofrid Ab 9,00 EUR incl. 7 % UST exkl. Versandkosten Selen-Biofrid Ab 5,50 EUR incl. 7 % UST exkl. Versandkosten Rosengeranienöl, kbA Ab 7,70 EUR incl. 19 % UST exkl. Versandkosten Cajeputöl, kbA Ab 6,90 EUR incl. 19 % UST exkl. Versandkosten RMS Biofrid Ab 18,00 EUR incl. 7 % UST exkl. Versandkosten Powered by First-Web * Gilt für Lieferungen Deutschland. Lieferzeiten für Länder Informationen Berechnung Liefertermins siehe </fragment> </item> <item> <fragment> Citrus (lemon), organic - Biofrid-Cosmetic GmbH &amp; Co. KG Herstellung Vertrieb diätetischen, kosmetischen pharmazeutischen Produkten » Home Login / Register | Your account | Shopping Cart | Cash box Search Literature Products Cosmetics Dietary Supplement Essential/fatty oils Shipping &amp; Returns Privacy Notice General terms and conditions Imprint Contact Right of revocation Standard withdrawal form Newsletter Biofrid Cosmetic GmbH &amp; Co.KG Hasseler Steinweg 9 27318 Hoya Postfach 1355 27316 Hoya Telefon 04251 9352-396 Telefax 04251 9352-290 Social Bookmarks [&lt;&lt;First] [&lt;Back] [Next&gt;] [last&gt;&gt;] 120 Articles this categorie Citrus (lemon), organic Volume: 10 ml Product No.: 93902 PZN: 6872238 Price: 6,50 EUR Price reg.: 65,00 EUR per 100 ml Weight: 0.05 Kg from 6,50 EUR incl. 19 % Tax excl. Shipping costs Shipping time: 3-7 working days* This product is currently not available. Orders can only be shipped from the end of April. Origin: Italy Type of product: Essential oil from controlled organic crops Description: This oil has strong top note because of its crisp, fresh and stimulating fragrance. It clears up the air with its fresh scent and is especially stimulating when evaporated together with water. Note: These are volatile, highly concentrated oily substances obtained by different procedures e.g. water steam distillation or cold-pressing, from different plant elements. They are mostly clear and after having volatilized (except after cold-pressing) normally do not leave any visible traces. The products offered by Biofrid® are of high quality whose ingredients originate from controlled organic crops and contain 100% essential oil. Essential oils must be used very sparingly and consciously. They serve to fill room as well as improving the surrounding air with pleasant fragrance. Undiluted they must not come into contact with skin or mucous membranes, as this could cause irritation. Special caution must be exercised during pregnancy and the presence of children. Due to the numerous fragrances contained only one plant, genuine essential oils have very full bouquet to which great importance is attached regarding choice of the country of origin, and this is why the range is limited. In exceptional cases the supplier country is changed, e.g. where cases of supply shortage or crop failure could occur. Content: Citrus limon from fruit peel Customers who bought this product bought the following products: Didier® Evening Primrose Vitamin E Lotion from 10,60 EUR incl. 19 % Tax excl. Shipping costs Propolis Cream Biofrid from 6,90 EUR incl. 19 % Tax excl. Shipping costs Didier® Bath Pearls with Germanium from 19,90 EUR incl. 19 % Tax excl. Shipping costs Rose geranium, organic from 7,70 EUR incl. 19 % Tax excl. Shipping costs Niaouli, organic from 7,00 EUR incl. 19 % Tax excl. Shipping costs Tea tree, organic from 6,90 EUR incl. 19 % Tax excl. Shipping costs Powered by First-Web * Gilt für Lieferungen Deutschland. Lieferzeiten für Länder Informationen Berechnung Liefertermins siehe </fragment> </item> <item> <fragment> Zitronenöl, kbA - Biofrid-Cosmetic GmbH &amp; Co. KG Herstellung Vertrieb diätetischen, kosmetischen pharmazeutischen Produkten » Startseite Login / Registrierung | Ihre persönliche Seite | Warenkorb | Kasse Suche Literatur Produkte Ätherische/fette Öle Kosmetik Nahrungsergänzung/erg.bil. Diät Liefer- Versandkosten Datenschutz Unsere AGB Impressum Kontakt Widerrufsrecht Widerrufsformular Newsletter Biofrid Cosmetic GmbH &amp; Co.KG Hasseler Steinweg 9 27318 Hoya Postfach 1355 27316 Hoya Telefon 04251 9352-396 Telefax 04251 9352-290 Social Bookmarks [&lt;&lt;Erstes] [&lt;zurück] [weiter&gt;] [Letztes&gt;&gt;] 120 Artikel Kategorie Zitronenöl, kbA Inhalt: 10 ml Art.Nr.: 93902 PZN: 6872238 Preis: 6,50 EUR PAngV: 65,00 EUR pro 100 ml Gewicht: 0.05 Kg Ab 6,50 EUR incl. 19 % UST exkl. Versandkosten Lieferzeit: 3-7 Werktage* Das Produkt derzeitig lieferbar. Bestellungen können Ende April ausgeführt werden. Herkunft: Italien Art Produkts: Ätherisches Öl kontrolliert biologischem Anbau (kbA) Beschreibung: Dieses Öl starke Kopfnote, spritzig, frisch anregend duftet. Es klärt Luft unverkennbaren klaren Duft. Besonders anregend wirkt es, fließendem Wasser verdunsten kann. Hinweis: Unsere ätherischen fetten Öle kontrolliert biologischem Anbau (kbA) höchster Qualität. Es handelt flüchtige, hochkonzentrierte, ölige Substanzen, unterschiedlichen Herstellungsverfahren - Wasserdampfdestillation kalte Pressung - verschiedenen Pflanzenteilen gewonnen werden. Sie zumeist farblos hinterlassen Regel (außer Kaltpressung) sichtbaren Spuren, verflüchtigt haben. Diese ätherischen Öle 100% naturrein. Der Einsatz ätherischer Öle sparsam bewusst geschehen. Sie dienen Raumbeduftung Luftverbesserung. Sie dürfen unverdünnt Haut Schleimhäuten Kontakt gebracht werden, Reizungen führen können. In Schwangerschaft Kindern besondere Vorsicht geboten. Die angebotenen genuinen ätherischen Öle aufgrund Vielzahl einzigen Pflanze enthaltenen Duftstoffe umfassendes Bouquet. Darauf bezüglich Wahl Herkunftslandes Wert gelegt, Sortiment bewusst knapp gehalten. Aufgrund Lieferengpässen Ernteausfällen Ausnahmefällen Land gewechselt werden. Als Trägeröl bieten Jojobaöl an. Inhalt: Citrus limon Fruchtschalen Kunden, Artikel kauften, folgende Artikel gekauft: Didier® Nachtkerzen-Vitamin E Lotion Ab 10,60 EUR incl. 19 % UST exkl. Versandkosten Propolis Creme Biofrid Ab 6,90 EUR incl. 19 % UST exkl. Versandkosten Didier® Badeperlen Germanium Ab 19,90 EUR incl. 19 % UST exkl. Versandkosten Rosengeranienöl, kbA Ab 7,70 EUR incl. 19 % UST exkl. Versandkosten Niaouliöl, kbA Ab 7,00 EUR incl. 19 % UST exkl. Versandkosten Teebaumöl, kbA Ab 6,90 EUR incl. 19 % UST exkl. Versandkosten Powered by First-Web * Gilt für Lieferungen Deutschland. Lieferzeiten für Länder Informationen Berechnung Liefertermins siehe </fragment> </item> <item> <fragment> Didier® Nachtkerzen-Vitamin E-Creme - Biofrid-Cosmetic GmbH &amp; Co. KG Herstellung Vertrieb diätetischen, kosmetischen pharmazeutischen Produkten » Startseite Login / Registrierung | Ihre persönliche Seite | Warenkorb | Kasse Suche Literatur Produkte Ätherische/fette Öle Kosmetik Nahrungsergänzung/erg.bil. Diät Liefer- Versandkosten Datenschutz Unsere AGB Impressum Kontakt Widerrufsrecht Widerrufsformular Newsletter Biofrid Cosmetic GmbH &amp; Co.KG Hasseler Steinweg 9 27318 Hoya Postfach 1355 27316 Hoya Telefon 04251 9352-396 Telefax 04251 9352-290 Social Bookmarks [weiter&gt;] [Letztes&gt;&gt;] 54 Artikel Kategorie Didier® Nachtkerzen-Vitamin E-Creme bisheriges Design (120 ml) Inhalt: 100 ml Art.Nr.: 98403 PZN: 9372677 Preis: 7,50 EUR PAngV: 7,50 EUR pro 100 ml Gewicht: 0.14 Kg Ab 7,50 EUR incl. 19 % UST exkl. Versandkosten Lieferzeit: 3-7 Werktage* Art Produkts: Creme Beschreibung: Die Wirkung Nachkerzenöls kannten Indianer Nordamerikas: Sie sammelten Samen, zerstampfen Brei Hautausschläge einzusetzen. Dieses Öl reich wertvollen, essentiellen Fettsäuren. Speziell Nachtkerzenöl enthaltene Gamma-Linolensäure ausreichend Körper gebildet. Viele Menschen leiden zudem trockener, schuppiger Haut. Die Anwendung Nachtkerzenöl spendet nötige Feuchtigkeit verleiht Haut gepflegtes Aussehen. Die Haut zart geschmeidig. Auch Schuppenflechte Neurodermitis Öl Nachtkerze unterstützenden Pflege geeignet. Didier® Nachtkerzen-Vitamin E-Creme bietet normalen, trockenen, empfindlichen reifen, frühzeitiger Hautalterung neigenden Haut optimalen Schutz gegenüber schädlichen Umwelteinflüssen verleiht gepflegtes Aussehen strahlenden Teint. Wertvolle Inhaltsstoffe pflegen Haut umfassend glatt geschmeidig. Die Creme schützt Feuchtigkeitsverlust wirkt Austrocknung Haut entgegen. So hilft sie, natürliche Zartheit Elastizität aufrechtzuerhalten. Tragen Sie Didier® Nachtkerzen-Vitamin E-Creme abends Gesicht, Hals Dekolleté massieren sanft ein. Hinweis: • verleiht Haut gepflegtes Aussehen strahlenden Teint • schützt Feuchtigkeitsverlust wirkt Austrocknung Haut entgegen Nachtkerzen-Vitamin E Creme eignet feuchtigkeitsspendende Gesichtsmaske. Tragen Sie Creme großzügig Gesicht Hals auf. Die Haut zart geschmeidig. Inhaltsstoffe: Water (aqua), Isopropyl Palpitate, Polyglyceryl-2 Sesquiisostearate, Mineral Oil (paraffinum liquidum), Microcrystalline Wax (cera microcristallina), Paraffin, Magnesium Stearate, Bees wax (cera alba), Aluminum Stearate, Polyethylene, Evening primrose (oenothera biennis) Oil, Tocopheryl Acetate, Glycerin, PEG-7 Hydrogenated Castor Oil, Bees Wax (cera flava), Magnesium Sulfate, Fragrance (parfum), Benzyl Alcohol, Methylchloroisothiazolinone, Methylisothiazolinone, Allantoin Kunden, Artikel kauften, folgende Artikel gekauft: Nachtkerzenöl Kapseln Ab 10,20 EUR incl. 7 % UST exkl. Versandkosten Didier® Badeperlen Germanium Ab 19,90 EUR incl. 19 % UST exkl. Versandkosten Zink-diet Biofrid Ab 9,00 EUR incl. 7 % UST exkl. Versandkosten Fischöl Kapseln Biofrid Ab 10,70 EUR incl. 7 % UST exkl. Versandkosten Majoranöl, kbA Ab 6,90 EUR incl. 19 % UST exkl. Versandkosten Thymianöl (linalol), kbA Ab 11,40 EUR incl. 19 % UST exkl. Versandkosten Powered by First-Web * Gilt für Lieferungen Deutschland. Lieferzeiten für Länder Informationen Berechnung Liefertermins siehe </fragment> </item> <item> <fragment> Arnica Creme Biofrid - Biofrid-Cosmetic GmbH &amp; Co. KG Herstellung Vertrieb diätetischen, kosmetischen pharmazeutischen Produkten » Startseite Login / Registrierung | Ihre persönliche Seite | Warenkorb | Kasse Suche Literatur Produkte Ätherische/fette Öle Kosmetik Nahrungsergänzung/erg.bil. Diät Liefer- Versandkosten Datenschutz Unsere AGB Impressum Kontakt Widerrufsrecht Widerrufsformular Newsletter Biofrid Cosmetic GmbH &amp; Co.KG Hasseler Steinweg 9 27318 Hoya Postfach 1355 27316 Hoya Telefon 04251 9352-396 Telefax 04251 9352-290 Social Bookmarks [weiter&gt;] [Letztes&gt;&gt;] 54 Artikel Kategorie Arnica Creme Biofrid 100 ml bisheriges Design Inhalt: 100 ml Art.Nr.: 23520100 PZN: 4255932 Preis: 6,90 EUR PAngV: 6,90 EUR pro 100 ml Gewicht: 0.14 Kg Ab 6,90 EUR incl. 19 % UST exkl. Versandkosten Lieferzeit: 3-7 Werktage* Art Produkts: Creme Beschreibung: Optimaler Schutz für empfindliche Haut natürlichem UV-Filter Arnica montana Jahrhunderten erfolgreich eingesetzt. Überragende pflegende Eigenschaften, Hautirritationen, bedingen hohen Stellenwert Heilpflanze Kosmetik. Arnica Creme Biofrid enthält Arnica montana wertvolle Zusätze Kamille, Hamamelis, Beta-Carotin Bienenwachs ausgewogener Kombination. Sie vielseitigen Haut- Körperpflege empfohlen Bedürfnisse rauer, empfindlicher Haut abgestimmt. Inhaltsstoffe: Water (aqua), Isopropyl Palmitate, Polyglyceryl-2 Sesquiisostearate, Mineral Oil (paraffinum liquidum), Microcrystalline Wax (cera micorocristallina), Paraffin, Magnesium Stearate, Beeswax (cera alba), Aluminum Stearate, Polyethylene, Soybean (glycine soja) oily extract, Arnica Montana extract, PEG-7 Hydrogenated Castor Oil, Glycerin, Beeswax (cera flava), Propylene Glycol, Witch Hazel (hamamelis virginiana), Alcohol denat., Magnesium Sulfate, Beta Carotene, Bisabolol 100, Fragrance (parfum), Benzyl Alcohol, Methylchloroisothiazolinone, Methylisothiazolinone, Allantoin Kunden, Artikel kauften, folgende Artikel gekauft: Didier® Badeperlen Germanium Ab 19,90 EUR incl. 19 % UST exkl. Versandkosten Didier® Hautcreme Germanium Ab 19,90 EUR incl. 19 % UST exkl. Versandkosten Fischöl Kapseln Biofrid Ab 10,70 EUR incl. 7 % UST exkl. Versandkosten Arginin-diet Biofrid Ab 11,90 EUR incl. 7 % UST exkl. Versandkosten Nachtkerzenöl Kapseln Ab 10,20 EUR incl. 7 % UST exkl. Versandkosten EPALIPID® Ab 17,50 EUR incl. 7 % UST exkl. Versandkosten Powered by First-Web * Gilt für Lieferungen Deutschland. Lieferzeiten für Länder Informationen Berechnung Liefertermins siehe </fragment> </item> <item> <fragment> Niaouliöl, kbA - Biofrid-Cosmetic GmbH &amp; Co. KG Herstellung Vertrieb diätetischen, kosmetischen pharmazeutischen Produkten » Startseite Login / Registrierung | Ihre persönliche Seite | Warenkorb | Kasse Suche Literatur Produkte Ätherische/fette Öle Kosmetik Nahrungsergänzung/erg.bil. Diät Liefer- Versandkosten Datenschutz Unsere AGB Impressum Kontakt Widerrufsrecht Widerrufsformular Newsletter Biofrid Cosmetic GmbH &amp; Co.KG Hasseler Steinweg 9 27318 Hoya Postfach 1355 27316 Hoya Telefon 04251 9352-396 Telefax 04251 9352-290 Social Bookmarks [&lt;&lt;Erstes] [&lt;zurück] [weiter&gt;] [Letztes&gt;&gt;] 120 Artikel Kategorie Niaouliöl, kbA Inhalt: 10 ml Art.Nr.: 93402 PZN: 6872008 Preis: 7,00 EUR PAngV: 70,00 EUR pro 100 ml Gewicht: 0.05 Kg Ab 7,00 EUR incl. 19 % UST exkl. Versandkosten Lieferzeit: 3-7 Werktage* Herkunft: Madagaskar Art Produkts: Ätherisches Öl kontrolliert biologischem Anbau (kbA) Beschreibung: Das Öl duftet krautig, frisch klar. Es geeignet, Luft reinigen erfrischen. Hinweis: Unsere ätherischen fetten Öle kontrolliert biologischem Anbau (kbA) höchster Qualität. Es handelt flüchtige, hochkonzentrierte, ölige Substanzen, unterschiedlichen Herstellungsverfahren - Wasserdampfdestillation kalte Pressung - verschiedenen Pflanzenteilen gewonnen werden. Sie zumeist farblos hinterlassen Regel (außer Kaltpressung) sichtbaren Spuren, verflüchtigt haben. Diese ätherischen Öle 100% naturrein. Der Einsatz ätherischer Öle sparsam bewusst geschehen. Sie dienen Raumbeduftung Luftverbesserung. Sie dürfen unverdünnt Haut Schleimhäuten Kontakt gebracht werden, Reizungen führen können. In Schwangerschaft Kindern besondere Vorsicht geboten. Die angebotenen genuinen ätherischen Öle aufgrund Vielzahl einzigen Pflanze enthaltenen Duftstoffe umfassendes Bouquet. Darauf bezüglich Wahl Herkunftslandes Wert gelegt, Sortiment bewusst knapp gehalten. Aufgrund Lieferengpässen Ernteausfällen Ausnahmefällen Land gewechselt werden. Als Trägeröl bieten Jojobaöl an. Inhalt: Melaleuca quinquenervia Zweigen Kunden, Artikel kauften, folgende Artikel gekauft: Thymianöl (linalol), kbA Ab 11,40 EUR incl. 19 % UST exkl. Versandkosten Mandarinenöl (rot) kbA Ab 7,70 EUR incl. 19 % UST exkl. Versandkosten Pfefferminzöl, kbA Ab 9,70 EUR incl. 19 % UST exkl. Versandkosten Lorbeerblätteröl, kbA Ab 10,50 EUR incl. 19 % UST exkl. Versandkosten Bergamotteöl, kbA Ab 8,50 EUR incl. 19 % UST exkl. Versandkosten Cajeputöl, kbA Ab 6,90 EUR incl. 19 % UST exkl. Versandkosten Powered by First-Web * Gilt für Lieferungen Deutschland. Lieferzeiten für Länder Informationen Berechnung Liefertermins siehe </fragment> </item> <item> <fragment> Propolis Creme Biofrid - Biofrid-Cosmetic GmbH &amp; Co. KG Herstellung Vertrieb diätetischen, kosmetischen pharmazeutischen Produkten » Startseite Login / Registrierung | Ihre persönliche Seite | Warenkorb | Kasse Suche Literatur Produkte Ätherische/fette Öle Kosmetik Nahrungsergänzung/erg.bil. Diät Liefer- Versandkosten Datenschutz Unsere AGB Impressum Kontakt Widerrufsrecht Widerrufsformular Newsletter Biofrid Cosmetic GmbH &amp; Co.KG Hasseler Steinweg 9 27318 Hoya Postfach 1355 27316 Hoya Telefon 04251 9352-396 Telefax 04251 9352-290 Social Bookmarks [&lt;&lt;Erstes] [&lt;zurück] [weiter&gt;] [Letztes&gt;&gt;] 48 Artikel Kategorie Propolis Creme Biofrid 100 ml bisheriges Design Inhalt: 100 ml Art.Nr.: 24020100 PZN: 4255949 Preis: 6,90 EUR PAngV: 6,90 EUR pro 100 ml Gewicht: 0.15 Kg Ab 6,90 EUR incl. 19 % UST exkl. Versandkosten Lieferzeit: 3-7 Werktage* Art Produkts: Creme Beschreibung: Optimaler Schutz für beanspruchte Entzündungen neigende Haut Propolis altbewährter Kosmetikzusatz wertvollen Inhaltsstoffen Eisen, Zink, Magnesium Provitamin A E. Propolis Creme Biofrid enthält Propolis Zusätze Arnica montana, Allantoin, Glycerin Bienenwachs, Zusammensetzung Pflege regenerationsbedürftigen Haut fein abgestimmt sind. Propolis Creme Biofrid eignet Pflege spröder gereizter Problemhaut, Sonnenbad. Inhaltsstoffe: Aqua, Paraffinum Liquidum, Polyethylene, Isopropyl Palmitate, Polyglyceryl-2-Sesquiisostearate, Cera Microcristallina, Paraffin, Magnesium Stearate, Cera Alba, Aluminum Stearate, Glycine Soja, Arnica Montana, PEG-7 Hydrogenated Castor Oil, Glycerin, Cera Flava, Propolis Cera, Propylene Glycol, Magnesium Sulfate, Benzyl Alcohol, Methylchloroisothiazolinone, Methylisothiazolinone, Allantoin, Butylphenyl Methylpropional, Alpha-Isomethyl Ionone, Benzyl Benzoate, Citronellol, Geraniol, Hexyl Cinnamal, Hydroxycitronellal, Linalool. Kunden, Artikel kauften, folgende Artikel gekauft: Arginin-diet Biofrid Ab 11,90 EUR incl. 7 % UST exkl. Versandkosten Majoranöl, kbA Ab 6,90 EUR incl. 19 % UST exkl. Versandkosten Zitronenöl, kbA Ab 6,50 EUR incl. 19 % UST exkl. Versandkosten Thymianöl (linalol), kbA Ab 11,40 EUR incl. 19 % UST exkl. Versandkosten RMS Biofrid Ab 18,00 EUR incl. 7 % UST exkl. Versandkosten Fischöl Kapseln Biofrid Ab 10,70 EUR incl. 7 % UST exkl. Versandkosten Powered by First-Web * Gilt für Lieferungen Deutschland. Lieferzeiten für Länder Informationen Berechnung Liefertermins siehe </fragment> </item> <item> <fragment> Citrus (lemon), organic - Biofrid-Cosmetic GmbH &amp; Co. KG Herstellung Vertrieb diätetischen, kosmetischen pharmazeutischen Produkten » Home Login / Register | Your account | Shopping Cart | Cash box Search Literature Products Cosmetics Dietary Supplement Essential/fatty oils Shipping &amp; Returns Privacy Notice General terms and conditions Imprint Contact Right of revocation Standard withdrawal form Newsletter Biofrid Cosmetic GmbH &amp; Co.KG Hasseler Steinweg 9 27318 Hoya Postfach 1355 27316 Hoya Telefon 04251 9352-396 Telefax 04251 9352-290 Social Bookmarks [&lt;&lt;First] [&lt;Back] [Next&gt;] [last&gt;&gt;] 120 Articles this categorie Citrus (lemon), organic Volume: 10 ml Product No.: 93902 PZN: 6872238 Price: 6,50 EUR Price reg.: 65,00 EUR per 100 ml Weight: 0.05 Kg from 6,50 EUR incl. 19 % Tax excl. Shipping costs Shipping time: 3-7 working days* This product is currently not available. Orders can only be shipped from the end of April. Origin: Italy Type of product: Essential oil from controlled organic crops Description: This oil has strong top note because of its crisp, fresh and stimulating fragrance. It clears up the air with its fresh scent and is especially stimulating when evaporated together with water. Note: These are volatile, highly concentrated oily substances obtained by different procedures e.g. water steam distillation or cold-pressing, from different plant elements. They are mostly clear and after having volatilized (except after cold-pressing) normally do not leave any visible traces. The products offered by Biofrid® are of high quality whose ingredients originate from controlled organic crops and contain 100% essential oil. Essential oils must be used very sparingly and consciously. They serve to fill room as well as improving the surrounding air with pleasant fragrance. Undiluted they must not come into contact with skin or mucous membranes, as this could cause irritation. Special caution must be exercised during pregnancy and the presence of children. Due to the numerous fragrances contained only one plant, genuine essential oils have very full bouquet to which great importance is attached regarding choice of the country of origin, and this is why the range is limited. In exceptional cases the supplier country is changed, e.g. where cases of supply shortage or crop failure could occur. Content: Citrus limon from fruit peel Customers who bought this product bought the following products: Didier® Evening Primrose Vitamin E Lotion from 10,60 EUR incl. 19 % Tax excl. Shipping costs Propolis Cream Biofrid from 6,90 EUR incl. 19 % Tax excl. Shipping costs Didier® Bath Pearls with Germanium from 19,90 EUR incl. 19 % Tax excl. Shipping costs Rose geranium, organic from 7,70 EUR incl. 19 % Tax excl. Shipping costs Niaouli, organic from 7,00 EUR incl. 19 % Tax excl. Shipping costs Tea tree, organic from 6,90 EUR incl. 19 % Tax excl. Shipping costs Powered by First-Web * Gilt für Lieferungen Deutschland. Lieferzeiten für Länder Informationen Berechnung Liefertermins siehe </fragment> </item> <item> <fragment> Zitronenöl, kbA - Biofrid-Cosmetic GmbH &amp; Co. KG Herstellung Vertrieb diätetischen, kosmetischen pharmazeutischen Produkten » Startseite Login / Registrierung | Ihre persönliche Seite | Warenkorb | Kasse Suche Literatur Produkte Ätherische/fette Öle Kosmetik Nahrungsergänzung/erg.bil. Diät Liefer- Versandkosten Datenschutz Unsere AGB Impressum Kontakt Widerrufsrecht Widerrufsformular Newsletter Biofrid Cosmetic GmbH &amp; Co.KG Hasseler Steinweg 9 27318 Hoya Postfach 1355 27316 Hoya Telefon 04251 9352-396 Telefax 04251 9352-290 Social Bookmarks [&lt;&lt;Erstes] [&lt;zurück] [weiter&gt;] [Letztes&gt;&gt;] 120 Artikel Kategorie Zitronenöl, kbA Inhalt: 10 ml Art.Nr.: 93902 PZN: 6872238 Preis: 6,50 EUR PAngV: 65,00 EUR pro 100 ml Gewicht: 0.05 Kg Ab 6,50 EUR incl. 19 % UST exkl. Versandkosten Lieferzeit: 3-7 Werktage* Das Produkt derzeitig lieferbar. Bestellungen können Ende April ausgeführt werden. Herkunft: Italien Art Produkts: Ätherisches Öl kontrolliert biologischem Anbau (kbA) Beschreibung: Dieses Öl starke Kopfnote, spritzig, frisch anregend duftet. Es klärt Luft unverkennbaren klaren Duft. Besonders anregend wirkt es, fließendem Wasser verdunsten kann. Hinweis: Unsere ätherischen fetten Öle kontrolliert biologischem Anbau (kbA) höchster Qualität. Es handelt flüchtige, hochkonzentrierte, ölige Substanzen, unterschiedlichen Herstellungsverfahren - Wasserdampfdestillation kalte Pressung - verschiedenen Pflanzenteilen gewonnen werden. Sie zumeist farblos hinterlassen Regel (außer Kaltpressung) sichtbaren Spuren, verflüchtigt haben. Diese ätherischen Öle 100% naturrein. Der Einsatz ätherischer Öle sparsam bewusst geschehen. Sie dienen Raumbeduftung Luftverbesserung. Sie dürfen unverdünnt Haut Schleimhäuten Kontakt gebracht werden, Reizungen führen können. In Schwangerschaft Kindern besondere Vorsicht geboten. Die angebotenen genuinen ätherischen Öle aufgrund Vielzahl einzigen Pflanze enthaltenen Duftstoffe umfassendes Bouquet. Darauf bezüglich Wahl Herkunftslandes Wert gelegt, Sortiment bewusst knapp gehalten. Aufgrund Lieferengpässen Ernteausfällen Ausnahmefällen Land gewechselt werden. Als Trägeröl bieten Jojobaöl an. Inhalt: Citrus limon Fruchtschalen Kunden, Artikel kauften, folgende Artikel gekauft: Didier® Nachtkerzen-Vitamin E Lotion Ab 10,60 EUR incl. 19 % UST exkl. Versandkosten Propolis Creme Biofrid Ab 6,90 EUR incl. 19 % UST exkl. Versandkosten Didier® Badeperlen Germanium Ab 19,90 EUR incl. 19 % UST exkl. Versandkosten Rosengeranienöl, kbA Ab 7,70 EUR incl. 19 % UST exkl. Versandkosten Niaouliöl, kbA Ab 7,00 EUR incl. 19 % UST exkl. Versandkosten Teebaumöl, kbA Ab 6,90 EUR incl. 19 % UST exkl. Versandkosten Powered by First-Web * Gilt für Lieferungen Deutschland. Lieferzeiten für Länder Informationen Berechnung Liefertermins siehe </fragment> </item> <item> <fragment> Ringelblumen Creme Biofrid - Biofrid-Cosmetic GmbH &amp; Co. KG Herstellung Vertrieb diätetischen, kosmetischen pharmazeutischen Produkten » Startseite Login / Registrierung | Ihre persönliche Seite | Warenkorb | Kasse Suche Literatur Produkte Ätherische/fette Öle Kosmetik Nahrungsergänzung/erg.bil. Diät Liefer- Versandkosten Datenschutz Unsere AGB Impressum Kontakt Widerrufsrecht Widerrufsformular Newsletter Biofrid Cosmetic GmbH &amp; Co.KG Hasseler Steinweg 9 27318 Hoya Postfach 1355 27316 Hoya Telefon 04251 9352-396 Telefax 04251 9352-290 Social Bookmarks [weiter&gt;] [Letztes&gt;&gt;] 54 Artikel Kategorie Ringelblumen Creme Biofrid bisheriges Design Inhalt: 100 ml Art.Nr.: 24520100 PZN: 4255955 Preis: 6,90 EUR PAngV: 6,90 EUR pro 100 ml Gewicht: 0.14 Kg Ab 6,90 EUR incl. 19 % UST exkl. Versandkosten Lieferzeit: 3-7 Werktage* Art Produkts: Creme Beschreibung: Energiespendende Haut- Körperpflege für Hauttyp Calendula officinalis erhöht Widerstandsfähigkeit Haut schafft Ausgleich Feuchtigkeitsmangel. Sie wirkt restrukturierend unterstützt natürlichen Regenerationsprozess. Ringelblumen Creme Biofrid bietet wertvollen Zusätzen Calendula officinalis, echtem Bienenwachs, Glycerin, Allantoin, Hamamelis Hautschutzvitaminen A E optimale 24-Stunden-Versorgung allem, Umwelteinflüsse strapazierte Haut benötigt. Durch geschmeidige, fettende Konsistenz eignet Ringelblumen Creme Biofrid Gesichts- Ganzkörperpflege. Der Zusatz Beta-Carotin (Provitamin A) dient natürlicher UV-Filter. Inhaltsstoffe: Water (aqua), Isopropyl palmitate, Polyglyceryl-2 Sesquiisostearate, Mineral Oil (paraffinum liquidum), Microcrystalline Wax (cera microcristallina), Paraffin, Magnesium Stearate, Beeswax (cera alba), Aluminum Stearate, Polyethylene, Soybean (glycine soja) oily extract, Calendula (calendula officinalis), PEG-7 Hydrogenated Castor Oil, Glycerin, Beeswax (cera flava), Propylene Tocopheryl Acetate, Retinyl Palpitate, Bisabolol 100, Fragrance (parfum), Benzyl Alcohol, Methylchloroisothiazolinone, Methylisothiazolinone, Beta Carotene, Allantoin Kunden, Artikel kauften, folgende Artikel gekauft: Nachtkerzenöl Kapseln Ab 10,20 EUR incl. 7 % UST exkl. Versandkosten Didier® Badeperlen Germanium Ab 19,90 EUR incl. 19 % UST exkl. Versandkosten Rosengeranienöl, kbA Ab 7,70 EUR incl. 19 % UST exkl. Versandkosten Arginin-diet Biofrid Ab 11,90 EUR incl. 7 % UST exkl. Versandkosten Majoranöl, kbA Ab 6,90 EUR incl. 19 % UST exkl. Versandkosten Thymianöl (linalol), kbA Ab 11,40 EUR incl. 19 % UST exkl. Versandkosten Powered by First-Web * Gilt für Lieferungen Deutschland. Lieferzeiten für Länder Informationen Berechnung Liefertermins siehe </fragment> </item> <item> <fragment> Didier® Hautcreme Germanium - Biofrid-Cosmetic GmbH &amp; Co. KG Herstellung Vertrieb diätetischen, kosmetischen pharmazeutischen Produkten » Startseite Login / Registrierung | Ihre persönliche Seite | Warenkorb | Kasse Suche Literatur Produkte Ätherische/fette Öle Kosmetik Nahrungsergänzung/erg.bil. Diät Liefer- Versandkosten Datenschutz Unsere AGB Impressum Kontakt Widerrufsrecht Widerrufsformular Newsletter Biofrid Cosmetic GmbH &amp; Co.KG Hasseler Steinweg 9 27318 Hoya Postfach 1355 27316 Hoya Telefon 04251 9352-396 Telefax 04251 9352-290 Social Bookmarks [weiter&gt;] [Letztes&gt;&gt;] 54 Artikel Kategorie Didier® Hautcreme Germanium Inhalt: 50 ml Art.Nr.: 27020050 PZN: 3919005 Preis: 19,90 EUR PAngV: 39,80 EUR pro 100 ml Gewicht: 0.16 Kg Ab 19,90 EUR incl. 19 % UST exkl. Versandkosten Lieferzeit: 3-7 Werktage* Art Produkts: Creme Verwendungszweck: Ausgleichende Feuchtigkeitscreme für Hauttyp Sanumgerman Beschreibung: • verleiht gepflegtes Aussehen strahlenden Teint • spendet Feuchtigkeit für empfindliche Haut geeignet • enthält Germanium, Nachtkerzenöl, Allantoin, Vitamin E Panthenol Didier® Hautcreme Germanium hochwertige Feuchtigkeitscreme Tages- Nachtpflege für Hauttyp eignet insbesondere für reife empfindliche Haut. Die Kombination Sanumgerman Nachtkerzenöl Haut straffenden Feuchtigkeit spendenden Eigenschaften sorgt für Kräftigung Hautstruktur. Wertvolle Zusätze Vitamin E, Allantoin Panthenol runden perfekte Dosierung ausgleichenden Pflegecreme ab. Die fettende, zart schmelzende Creme Haut glatt geschmeidig verleiht strahlendes Aussehen. Zur Steigerung pflegenden Wirkung empfehlen zusätzlich Verwendung Didier® Badeperlen Germanium . Zur Steigerung pflegenden Wirkung empfehlen zusätzlich Verwendung Didier® Badeperlen Germanium. Anwendung: Morgens abends sparsam Gesicht, Hals Dekolleté auftragen sanft einmassieren. Hinweis: Parfum Inhaltsstoffe: Aqua (Water), Cocos Nucifera (Coconut) Oil, Aloe Barbadensis Leaf Juice, Cetearyl Alcohol, Macadamia Integrifolia Seed Oil, Butyrospermum Parkii (Shea) Butter, Glycerin, Dicaprylyl Ether, Argania Spinosa Kernel Oil, Glyceryl Stearate, Panthenol, Tocopheryl Acetate, Cetearyl Glucoside, Oenothera Biennis (Eyening Primrose) Oil, Germanium-Citrate-Lactate Powder, Sodium Hyaluronate, Allantoin, Helianthus Annuus (Sunflower) Seed Oil, Glyceryl Caprylate, Medicago Sativa (Alfalfa) Extract, Sodium Stearoyl Glutamate, Sodium Levulinate, Levulinic Acid, Tocopherol, Ascorbyl Palmitate, Sodium Phytate, Alcohol, Citric Acid, Sodium Benzoate, Potassium Sorbate. Kunden, Artikel kauften, folgende Artikel gekauft: Cajeputöl, kbA Ab 6,90 EUR incl. 19 % UST exkl. Versandkosten Rosengeranienöl, kbA Ab 7,70 EUR incl. 19 % UST exkl. Versandkosten Palmarosaöl, kbA Ab 5,90 EUR incl. 19 % UST exkl. Versandkosten Jojobaöl, kbA Ab 6,90 EUR incl. 19 % UST exkl. Versandkosten Zink-diet Biofrid Ab 9,00 EUR incl. 7 % UST exkl. Versandkosten Selen-Biofrid Ab 5,50 EUR incl. 7 % UST exkl. Versandkosten Powered by First-Web * Gilt für Lieferungen Deutschland. Lieferzeiten für Länder Informationen Berechnung Liefertermins siehe </fragment> </item> <item> <fragment> Didier® Bath Pearls with Germanium - Biofrid-Cosmetic GmbH &amp; Co. KG Herstellung Vertrieb diätetischen, kosmetischen pharmazeutischen Produkten » Home Login / Register | Your account | Shopping Cart | Cash box Search Literature Products Cosmetics Dietary Supplement Essential/fatty oils Shipping &amp; Returns Privacy Notice General terms and conditions Imprint Contact Right of revocation Standard withdrawal form Newsletter Biofrid Cosmetic GmbH &amp; Co.KG Hasseler Steinweg 9 27318 Hoya Postfach 1355 27316 Hoya Telefon 04251 9352-396 Telefax 04251 9352-290 Social Bookmarks [Next&gt;] [last&gt;&gt;] 54 Articles this categorie Didier® Bath Pearls with Germanium Volume: 15 Pearls Product No.: 27535015 PZN: 3919011 Price: 19,90 EUR Price reg.: 1,33 EUR per Piece Weight: 0.33 Kg from 19,90 EUR incl. 19 % Tax excl. Shipping costs Shipping time: 3-7 working days* Type of product: Bath Pearls Description: The carefully selected ingredients of Didier® Bath Pearls containing Germanium give essential care for your skin, providing pleasantly long lasting stimulating and revitalising effects. Apart from the essential oils, Sanumgerman® belongs to the most important components of this balanced conditioning composition which first patented by our Company. After dissolving, the pleasant ingredients of Didier® Bath Pealrs with Germanium gently disperse directly onto the skin. The combination of comfortable warm bath with Didier® Bath Pearls leads to relaxing and long lasting skin conditioning effect. Germanium Bath Pealrs are real “pearls“, which when regularly used, maintain the new found vigour and freshness. Application: 1 weekly, 1 to 2 Didier® Bath Pearls full bath Note: The regenerating and conditioning effects can be improved through the use of Didier® Skin Cream with Germanium Content: Decorative glass jar with 15 pearls Ingredients: Isopropyl Myristate, Gelatin, Parfum, Silica, Glycerin, Germanium-Citrate-Lactate Powder, Linalool, Limonene, Hexyl Cinnamal, Citronellol, Cinnamyl Alcohol, Eugenol, Alpha-Isomethyl Ionone, Hydroxyisohexyl 3-Cyclohexene Carboxaldehyde, Ethylparaben, Propylparaben, Denatonium Benzoate, CI 77492 Customers who bought this product bought the following products: Calendula Cream Biofrid from 6,90 EUR incl. 19 % Tax excl. Shipping costs Didier® Evening Primrose Vitamin E Lotion from 10,60 EUR incl. 19 % Tax excl. Shipping costs Arnica Cream Biofrid from 6,90 EUR incl. 19 % Tax excl. Shipping costs Didier® Evening Primrose Vitamin E Creme from 7,50 EUR incl. 19 % Tax excl. Shipping costs Citrus (lemon), organic from 6,50 EUR incl. 19 % Tax excl. Shipping costs Mandarin (red), organic from 7,70 EUR incl. 19 % Tax excl. Shipping costs Powered by First-Web * Gilt für Lieferungen Deutschland. Lieferzeiten für Länder Informationen Berechnung Liefertermins siehe </fragment> </item> <item> <fragment> Didier® Badeperlen Germanium - Biofrid-Cosmetic GmbH &amp; Co. KG Herstellung Vertrieb diätetischen, kosmetischen pharmazeutischen Produkten » Startseite Login / Registrierung | Ihre persönliche Seite | Warenkorb | Kasse Suche Literatur Produkte Ätherische/fette Öle Kosmetik Nahrungsergänzung/erg.bil. Diät Liefer- Versandkosten Datenschutz Unsere AGB Impressum Kontakt Widerrufsrecht Widerrufsformular Newsletter Biofrid Cosmetic GmbH &amp; Co.KG Hasseler Steinweg 9 27318 Hoya Postfach 1355 27316 Hoya Telefon 04251 9352-396 Telefax 04251 9352-290 Social Bookmarks [weiter&gt;] [Letztes&gt;&gt;] 54 Artikel Kategorie Didier® Badeperlen Germanium Inhalt: 15 Perlen Art.Nr.: 27535015 PZN: 3919011 Preis: 19,90 EUR PAngV: 1,33 EUR pro Stück Gewicht: 0.33 Kg Ab 19,90 EUR incl. 19 % UST exkl. Versandkosten Lieferzeit: 3-7 Werktage* Art Produkts: Badeperlen Beschreibung: Entspannung Pflege einem. Didier® Badeperlen Germanium für Hauttyp verträglich. Didier® Badeperlen Germanium ausgewählten Inhaltsstoffen hochwertige Pflege für Ihre Haut, wohltuende Art nachhaltig angeregt belebt. Sanumgerman gehört wichtigsten Bestandteilen ausgewogenen pflegenden Komposition, erstmalig Firmengruppe patentiert wurde. Die wohltuenden Inhaltsstoffe Didier® Badeperlen Germanium verteilen Auflösen Kapseln angenehm Hautfläche. Das Zusammenspiel wohlig warmen Bades Didier® Badeperlen Germanium führt entspannenden nachhaltig hautpflegenden Wirkung. Germanium Badeperlen wahre "Perlen", die, regelmäßig angewendet, beitragen, Spannkraft Frische wiederzugewinnen bewahren. Anwendung: 1x wöchentlich Vollbad 1–2 Didier® Badeperlen Hinweis: Zur Steigerung pflegenden Wirkung empfehlen zusätzlich Verwendung Didier® Hautcreme Germanium . Inhalt: Schmuckglas 15 Badeperlen Inhaltsstoffe: Isopropyl Myristate, Gelatin, Parfum, Silica, Glycerin, Germanium-Citrate-Lactate Powder, Linalool, Limonene, Hexyl Cinnamal, Citronellol, Cinnamyl Alcohol, Eugenol, Alpha-Isomethyl Ionone, Hydroxyisohexyl 3-Cyclohexene Carboxaldehyde, Ethylparaben, Propylparaben, Denatonium Benzoate, CI 77492 Kunden, Artikel kauften, folgende Artikel gekauft: Ringelblumen Creme Biofrid Ab 6,90 EUR incl. 19 % UST exkl. Versandkosten Didier® Nachtkerzen-Vitamin E Lotion Ab 10,60 EUR incl. 19 % UST exkl. Versandkosten Arnica Creme Biofrid Ab 6,90 EUR incl. 19 % UST exkl. Versandkosten Didier® Nachtkerzen-Vitamin E-Creme Ab 7,50 EUR incl. 19 % UST exkl. Versandkosten Zitronenöl, kbA Ab 6,50 EUR incl. 19 % UST exkl. Versandkosten Mandarinenöl (rot) kbA Ab 7,70 EUR incl. 19 % UST exkl. Versandkosten Powered by First-Web * Gilt für Lieferungen Deutschland. Lieferzeiten für Länder Informationen Berechnung Liefertermins siehe </fragment> </item> <item> <fragment> Nachtkerzenöl Kapseln - Biofrid-Cosmetic GmbH &amp; Co. KG Herstellung Vertrieb diätetischen, kosmetischen pharmazeutischen Produkten » Home Login / Register | Your account | Shopping Cart | Cash box Search Literature Products Cosmetics Dietary Supplement Essential/fatty oils Shipping &amp; Returns Privacy Notice General terms and conditions Imprint Contact Right of revocation Standard withdrawal form Newsletter Biofrid Cosmetic GmbH &amp; Co.KG Hasseler Steinweg 9 27318 Hoya Postfach 1355 27316 Hoya Telefon 04251 9352-396 Telefax 04251 9352-290 Social Bookmarks [&lt;&lt;First] [&lt;Back] [Next&gt;] [last&gt;&gt;] 54 Articles this categorie Nachtkerzenöl Kapseln Volume: 40 Capsules Product No.: 22511040 PZN: 10132487 Price: 10,20 EUR Price reg.: 37,78 EUR per 100 Gramme Weight: 0.05 Kg from 10,20 EUR incl. 7 % Tax excl. Shipping costs Shipping time: 3-7 working days* Food Supplement with Omega-6-fatty acids Ingredients Evening primrose oil (73,8%), Gelatine, Humectant: Glycerine, Water, DL-alpha-Tocopherol Contents: 27 (40 Capsules) Recommended intake: to be taken thrice daily 2 capsules at mealtimes Health Claim(s) Linoleic acid contributes to the maintenance of normal blood cholesterol levels Notice The evening primrose contains polyunsaturated fatty acids which human beings need to get from their food. The oil of its seeds contains linoleic acid and gamma-linoleic acid. The body requires these polyunsaturated fatty acids when it is especially burdened, mainly as building blocks of the cell membranes. A positive effect is only achieved above 10 of linoleic acid. It is the high content of gamma-linoleic acid what distinguishes the evening primrose oil comparison with other commonly used edible fats. This food supplement is not replacement for diversified and balanced diet and healthy lifestyle. Do not exceed the recommended daily dose. Keep away from children. When used by schizophrenic patients or with the intake of epileptogenic medication (e.g. Phenothiazine) epileptic seizures may occur. In those cases and during pregnancy consult your physician. Table of nutrients: Nutrient per Day (6 Capsules) % D.R. 1) Omega-6-fatty acids 2.499 mg 2) * thereof linoleic acid 2.220 mg 2) * thereof gamma-linoleic acid 270 mg 2) 1) Reference quantity according to LIMV 2) No EU value published yet, equates to 50% of D.A.Ch.-Recommendation Table of nutritive value Calorific value 124 kJ/ 30 kcal Fat 3,0 * thereof saturated fatty acids 0,26 * thereof mono unsaturated fatty acids 0,23 * thereof polyunsaturated fatty acids 2,50 Carbohydrate &lt; 0,1 * thereof sugar &lt; 0,1 Protein 0,6 Salt &lt; 0,1 Vitamin E 60 mg alpha-TE 500 Allergens not contained Producer: Sanum-Kehlbeck GmbH &amp; Co. KG, Hasseler Steinweg 9, 27318 Hoya Customers who bought this product bought the following products: Calendula Cream Biofrid from 6,90 EUR incl. 19 % Tax excl. Shipping costs Didier® Evening Primrose Vitamin E Creme from 7,50 EUR incl. 19 % Tax excl. Shipping costs Selen-Biofrid from 5,50 EUR incl. 7 % Tax excl. Shipping costs Zinc-diet Biofrid from 9,00 EUR incl. 7 % Tax excl. Shipping costs RMS Biofrid from 18,00 EUR incl. 7 % Tax excl. Shipping costs Fish Oil Capsules Biofrid from 10,70 EUR incl. 7 % Tax excl. Shipping costs Powered by First-Web * Gilt für Lieferungen Deutschland. Lieferzeiten für Länder Informationen Berechnung Liefertermins siehe </fragment> </item> <item> <fragment> Nachtkerzenöl Kapseln - Biofrid-Cosmetic GmbH &amp; Co. KG Herstellung Vertrieb diätetischen, kosmetischen pharmazeutischen Produkten » Startseite Login / Registrierung | Ihre persönliche Seite | Warenkorb | Kasse Suche Literatur Produkte Ätherische/fette Öle Kosmetik Nahrungsergänzung/erg.bil. Diät Liefer- Versandkosten Datenschutz Unsere AGB Impressum Kontakt Widerrufsrecht Widerrufsformular Newsletter Biofrid Cosmetic GmbH &amp; Co.KG Hasseler Steinweg 9 27318 Hoya Postfach 1355 27316 Hoya Telefon 04251 9352-396 Telefax 04251 9352-290 Social Bookmarks [&lt;&lt;Erstes] [&lt;zurück] [weiter&gt;] [Letztes&gt;&gt;] 54 Artikel Kategorie Nachtkerzenöl Kapseln Inhalt: 40 Kapseln Art.Nr.: 22511040 PZN: 10132487 Preis: 10,20 EUR PAngV: 37,78 EUR pro 100 Gramm Gewicht: 0.05 Kg Ab 10,20 EUR incl. 7 % UST exkl. Versandkosten Lieferzeit: 3-7 Werktage* Der Produktname " Biofrid® Plus Kapseln " " Nachtkerzenöl Kapseln " geändert. Nahrungsergänzungsmittel Omega-6-Fettsäuren Zutaten: Nachtkerzenöl (73,7%), Gelatine, Feuchthaltemittel: Glycerin, Wasser, D-alpha-Tocopherol Füllmenge: 27 (40 Kapseln) Verzehrempfehlung: 3 mal täglich 2 Kapseln Mahlzeiten verzehren Health Claim(s) Linolsäure trägt Aufrechterhaltung normalen Cholesterinspiegels Blut bei. Hinweis Die Nachtkerze enthält mehrfach ungesättigte Fettsäuren, Mensch Nahrung zuführen muss. Das Öl Samen enthält Linolsäure Gamma-Linolensäure. Diese mehrfach ungesättigten Fettsäuren benötigt Körper besonderer Belastung Bausteine Zellmembranen. Eine positive Wirkung 10 Linolsäure ein. Der hohe Gehalt Gamma-Linolensäure zeichnet Nachtkerzenöl gegenüber häufig verwendeten Speisefetten aus. Dieses Nahrungsergänzungsmittel Ersatz für abwechslungsreiche ausgewogene Ernährung gesunde Lebensweise. Die angegebene Tagesdosis überschreiten. Für Kinder unzugänglich aufbewahren. Bei schizophrenen Patienten bzw. Einnahme epileptogener Arzneimittel z.B. Phenothiazine) können epileptische Anfälle auftreten. In Fällen während Schwangerschaft fragen Sie Ihren Arzt. Nährstofftabelle: Nährwert pro Tag (6 Kapsel) % T.B. 1) Omega-6-Fettsäuren 2.499 mg 2) * Linolsäure 2.220 mg 2) * Gamma-Linolensäure 270 mg 2) 1) Referenzmenge gemäß LMIV 2) EU-Wert veröffentlicht, entspricht 50% D.A.Ch.-Empfehlung Nährwerttabelle Brennwert 124 kJ/ 30 kcal Fett 3,0 * gesättigte Fettsäuren 0,26 * einfach ungesättigte Fettsäuren 0,23 * mehrfach ungesättigte Fettsäuren 2,50 Kohlenhydrate &lt; 0,1 * Zucker &lt; 0,1 Eiweiß 0,6 Salz &lt; 0,1 Vitamin E 60 mg alpha-TE 500 Allergene enthalten Hersteller: Sanum-Kehlbeck GmbH &amp; Co. KG, Hasseler Steinweg 9, 27318 Hoya Kunden, Artikel kauften, folgende Artikel gekauft: Ringelblumen Creme Biofrid Ab 6,90 EUR incl. 19 % UST exkl. Versandkosten Didier® Nachtkerzen-Vitamin E-Creme Ab 7,50 EUR incl. 19 % UST exkl. Versandkosten Selen-Biofrid Ab 5,50 EUR incl. 7 % UST exkl. Versandkosten Zink-diet Biofrid Ab 9,00 EUR incl. 7 % UST exkl. Versandkosten RMS Biofrid Ab 18,00 EUR incl. 7 % UST exkl. Versandkosten Fischöl Kapseln Biofrid Ab 10,70 EUR incl. 7 % UST exkl. Versandkosten Powered by First-Web * Gilt für Lieferungen Deutschland. Lieferzeiten für Länder Informationen Berechnung Liefertermins siehe </fragment> </item> <item> <fragment> Arginin-diet Biofrid - Biofrid-Cosmetic GmbH &amp; Co. KG Herstellung Vertrieb diätetischen, kosmetischen pharmazeutischen Produkten » Startseite Login / Registrierung | Ihre persönliche Seite | Warenkorb | Kasse Suche Literatur Produkte Ätherische/fette Öle Kosmetik Nahrungsergänzung/erg.bil. Diät Liefer- Versandkosten Datenschutz Unsere AGB Impressum Kontakt Widerrufsrecht Widerrufsformular Newsletter Biofrid Cosmetic GmbH &amp; Co.KG Hasseler Steinweg 9 27318 Hoya Postfach 1355 27316 Hoya Telefon 04251 9352-396 Telefax 04251 9352-290 Social Bookmarks [&lt;&lt;Erstes] [&lt;zurück] [weiter&gt;] [Letztes&gt;&gt;] 54 Artikel Kategorie Arginin-diet Biofrid Inhalt: 40 Tabletten Art.Nr.: 94102 PZN: 0877602 Preis: 11,90 EUR PAngV: 41,32 EUR pro 100 Gramm Gewicht: 0.12 Kg 100 Tabletten Art.Nr.: 94107 PZN: 0877884 Preis: 26,90 EUR PAngV: 37,36 EUR pro 100 Gramm Gewicht: 0.06 Kg Ab 11,90 EUR incl. 7 % UST exkl. Versandkosten Lieferzeit: 3-7 Werktage* Diätetisches Lebensmittel Zutaten: (in 100 g): 69,4 L-Arginin, Stabilisator Sorbit, Trennmittel Magnesiumsalze Speisefettsäuren, 138 mg Pyridoxinhydrochlorid, 18,5 mg Folsäure, 0,2 mg Cyanocobalamin. Füllmenge: 28,8 (40 Tabletten) 72,0 (100 Tabletten) Verzehrempfehlung: 3 mal täglich 2 Tabletten Mahlzeiten verzehren Zweckbestimmung Zur diätetischen Behandlung Arteriosklerose erhöhten Homocysteinspiegel Zufuhr L-Arginin, Folsäure, Vitamin B6 Vitamin B12 Hinweis Mit Arginin-diet Biofrid stellt Firma Biofrid-Cosmetic GmbH &amp; Co. KG Produkt Verfügung, Aminosäure L-Arginin, Folsäure, Vitamin B6 Vitamin B12 enthält. Arginin-diet Biofrid diätetisches Lebensmittel für besondere medizinische Zwecke (bilanzierte Diät) diätetischen Behandlung Arteriosklerose erhöhtem Homocysteinspiegel. Folsäure, Vitamin B12 Vitamin B6 tragen normalen Homocystein-Stoffwechsel bei. Mit Hilfe Folsäure Vitamin B12 Homocystein Methionin Beteiligung Vitamin B6 Aminosäure Cystein abgebaut. Arginin-diet Biofrid für Erwachsene bestimmt ergänzende bilanzierte Diät ärztlicher Aufsicht angewendet werden. Arginin-diet Biofrid einzunehmen schweren Herz-Kreislauf-Erkrankungen. Da Erfahrungen Schwangeren bzw. stillenden Frauen Kindern vorliegen, Personengruppe Verzehr abzuraten. Da Überzug/Coating Tabletten verzichtet wurde, Tabletten lichtgeschützt Blister aufzubewahren unmittelbar Verzehr entnehmen. Dieses diätetische Lebensmittel Ersatz für abwechslungsreiche ausgewogene Ernährung gesunde Lebensweise. Die angegebene Tagesdosis überschreiten. Für Kinder unzugänglich aufbewahren. Nährstofftabelle: Nährstoff pro 100 pro Portion (2 Tabletten) pro Tag (6 Tabletten) L-Arginin 69,4 1.000 mg 3.000 mg Vitamin B6 138 mg 2 mg 6 mg Folsäure 18,5 mg 266 µg 798 µg Vitamin B12 200 µg 3 µg 9 µg Nährwerttabelle Brennwert 1.511 kJ / 357 kcal 21,8 kJ / 5,1 kcal 65,3 kJ / 15,4 kcal Fett 1,0 0,01 0,04 * gesättigte Fettsäuren 1,0 0,01 0,04 Kohlenhydrate 29,4 0,42 1,3 * Zucker 0,0 0,0 0,0 Eiweiß 69,4 1,0 3,0 Salz 0 0 0 Allergene enthalten Hersteller: Sanum-Kehlbeck GmbH &amp; Co. KG, Hasseler Steinweg 9, 27318 Hoya Kunden, Artikel kauften, folgende Artikel gekauft: Rosengeranienöl, kbA Ab 7,70 EUR incl. 19 % UST exkl. Versandkosten Cajeputöl, kbA Ab 6,90 EUR incl. 19 % UST exkl. Versandkosten Ringelblumen Creme Biofrid Ab 6,90 EUR incl. 19 % UST exkl. Versandkosten Propolis Creme Biofrid Ab 6,90 EUR incl. 19 % UST exkl. Versandkosten Nachtkerzenöl Kapseln Ab 10,20 EUR incl. 7 % UST exkl. Versandkosten EPALIPID® Ab 17,50 EUR incl. 7 % UST exkl. Versandkosten Powered by First-Web * Gilt für Lieferungen Deutschland. Lieferzeiten für Länder Informationen Berechnung Liefertermins siehe </fragment> </item> <item> <fragment> Bergamotteöl, kbA - Biofrid-Cosmetic GmbH &amp; Co. KG Herstellung Vertrieb diätetischen, kosmetischen pharmazeutischen Produkten » Startseite Login / Registrierung | Ihre persönliche Seite | Warenkorb | Kasse Suche Literatur Produkte Ätherische/fette Öle Kosmetik Nahrungsergänzung/erg.bil. Diät Liefer- Versandkosten Datenschutz Unsere AGB Impressum Kontakt Widerrufsrecht Widerrufsformular Newsletter Biofrid Cosmetic GmbH &amp; Co.KG Hasseler Steinweg 9 27318 Hoya Postfach 1355 27316 Hoya Telefon 04251 9352-396 Telefax 04251 9352-290 Social Bookmarks [&lt;&lt;Erstes] [&lt;zurück] 120 Artikel Kategorie Bergamotteöl, kbA Inhalt: 10 ml Art.Nr.: 93052 PZN: 6871859 Preis: 8,50 EUR PAngV: 85,00 EUR pro 100 ml Gewicht: 0.05 Kg Ab 8,50 EUR incl. 19 % UST exkl. Versandkosten Lieferzeit: 3-7 Werktage* Herkunft: Italien Art Produkts: Ätherisches Öl kontrolliert biologischem Anbau (kbA) Beschreibung: Das ätherische Öl Kaltpressung Fruchtschale gewonnen erfrischenden, leichten, angenehm stimulierenden Effekt. Es hervorragend geeignet, Stimmung heben. Hinweis: Unsere ätherischen fetten Öle kontrolliert biologischem Anbau (kbA) höchster Qualität. Es handelt flüchtige, hochkonzentrierte, ölige Substanzen, unterschiedlichen Herstellungsverfahren - Wasserdampfdestillation kalte Pressung - verschiedenen Pflanzenteilen gewonnen werden. Sie zumeist farblos hinterlassen Regel (außer Kaltpressung) sichtbaren Spuren, verflüchtigt haben. Diese ätherischen Öle 100% naturrein. Der Einsatz ätherischer Öle sparsam bewusst geschehen. Sie dienen Raumbeduftung Luftverbesserung. Sie dürfen unverdünnt Haut Schleimhäuten Kontakt gebracht werden, Reizungen führen können. In Schwangerschaft Kindern besondere Vorsicht geboten. Die angebotenen genuinen ätherischen Öle aufgrund Vielzahl einzigen Pflanze enthaltenen Duftstoffe umfassendes Bouquet. Darauf bezüglich Wahl Herkunftslandes Wert gelegt, Sortiment bewusst knapp gehalten. Aufgrund Lieferengpässen Ernteausfällen Ausnahmefällen Land gewechselt werden. Als Trägeröl bieten Jojobaöl an. Inhalt: Citrus bergamia Fruchtschalen Kunden, Artikel kauften, folgende Artikel gekauft: Nelkenblütenöl, kbA Ab 5,90 EUR incl. 19 % UST exkl. Versandkosten Zimtblätteröl, kbA Ab 4,00 EUR incl. 19 % UST exkl. Versandkosten Majoranöl, kbA Ab 6,90 EUR incl. 19 % UST exkl. Versandkosten Palmarosaöl, kbA Ab 5,90 EUR incl. 19 % UST exkl. Versandkosten Rosengeranienöl, kbA Ab 7,70 EUR incl. 19 % UST exkl. Versandkosten Jojobaöl, kbA Ab 6,90 EUR incl. 19 % UST exkl. Versandkosten Powered by First-Web * Gilt für Lieferungen Deutschland. Lieferzeiten für Länder Informationen Berechnung Liefertermins siehe </fragment> </item> <item> <fragment> Thymianöl (linalol), kbA - Biofrid-Cosmetic GmbH &amp; Co. KG Herstellung Vertrieb diätetischen, kosmetischen pharmazeutischen Produkten » Startseite Login / Registrierung | Ihre persönliche Seite | Warenkorb | Kasse Suche Literatur Produkte Ätherische/fette Öle Kosmetik Nahrungsergänzung/erg.bil. Diät Liefer- Versandkosten Datenschutz Unsere AGB Impressum Kontakt Widerrufsrecht Widerrufsformular Newsletter Biofrid Cosmetic GmbH &amp; Co.KG Hasseler Steinweg 9 27318 Hoya Postfach 1355 27316 Hoya Telefon 04251 9352-396 Telefax 04251 9352-290 Social Bookmarks [&lt;&lt;Erstes] [&lt;zurück] [weiter&gt;] [Letztes&gt;&gt;] 120 Artikel Kategorie Thymianöl (linalol), kbA Inhalt: 5 ml Art.Nr.: 93751 PZN: 6872103 Preis: 11,40 EUR pro Stück PAngV: 228,00 EUR pro Gewicht: 0.05 Kg Ab 11,40 EUR incl. 19 % UST exkl. Versandkosten Lieferzeit: 3-7 Werktage* Herkunft: Frankreich Art Produkts: Ätherisches Öl kontrolliert biologischem Anbau (kbA) Beschreibung: Das ätherische Öl Thymians breites Bouquet Duftnoten, frisch, herb-süß mild reichen Zitrone erinnern. Nach Raumbeduftung erscheint Luft gereinigt, fühlen angeregt motiviert. Hinweis: Unsere ätherischen fetten Öle kontrolliert biologischem Anbau (kbA) höchster Qualität. Es handelt flüchtige, hochkonzentrierte, ölige Substanzen, unterschiedlichen Herstellungsverfahren - Wasserdampfdestillation kalte Pressung - verschiedenen Pflanzenteilen gewonnen werden. Sie zumeist farblos hinterlassen Regel (außer Kaltpressung) sichtbaren Spuren, verflüchtigt haben. Diese ätherischen Öle 100% naturrein. Der Einsatz ätherischer Öle sparsam bewusst geschehen. Sie dienen Raumbeduftung Luftverbesserung. Sie dürfen unverdünnt Haut Schleimhäuten Kontakt gebracht werden, Reizungen führen können. In Schwangerschaft Kindern besondere Vorsicht geboten. Die angebotenen genuinen ätherischen Öle aufgrund Vielzahl einzigen Pflanze enthaltenen Duftstoffe umfassendes Bouquet. Darauf bezüglich Wahl Herkunftslandes Wert gelegt, Sortiment bewusst knapp gehalten. Aufgrund Lieferengpässen Ernteausfällen Ausnahmefällen Land gewechselt werden. Als Trägeröl bieten Jojobaöl an. Inhalt: Thymus vulgaris linalol Kraut Kunden, Artikel kauften, folgende Artikel gekauft: Zink-diet Biofrid Ab 9,00 EUR incl. 7 % UST exkl. Versandkosten Didier® Hautcreme Germanium Ab 19,90 EUR incl. 19 % UST exkl. Versandkosten Didier® Nachtkerzen-Vitamin E Lotion Ab 10,60 EUR incl. 19 % UST exkl. Versandkosten Didier® Nachtkerzen-Vitamin E-Creme Ab 7,50 EUR incl. 19 % UST exkl. Versandkosten Propolis Creme Biofrid Ab 6,90 EUR incl. 19 % UST exkl. Versandkosten Ringelblumen Creme Biofrid Ab 6,90 EUR incl. 19 % UST exkl. Versandkosten Powered by First-Web * Gilt für Lieferungen Deutschland. Lieferzeiten für Länder Informationen Berechnung Liefertermins siehe </fragment> </item> <item> <fragment> Teebaumöl, konv. Anbau - Biofrid-Cosmetic GmbH &amp; Co. KG Herstellung Vertrieb diätetischen, kosmetischen pharmazeutischen Produkten » Startseite Login / Registrierung | Ihre persönliche Seite | Warenkorb | Kasse Suche Literatur Produkte Ätherische/fette Öle Kosmetik Nahrungsergänzung/erg.bil. Diät Liefer- Versandkosten Datenschutz Unsere AGB Impressum Kontakt Widerrufsrecht Widerrufsformular Newsletter Biofrid Cosmetic GmbH &amp; Co.KG Hasseler Steinweg 9 27318 Hoya Postfach 1355 27316 Hoya Telefon 04251 9352-396 Telefax 04251 9352-290 Social Bookmarks [&lt;&lt;Erstes] [&lt;zurück] [weiter&gt;] [Letztes&gt;&gt;] 120 Artikel Kategorie Teebaumöl, konv. Anbau Inhalt: 10 ml Art.Nr.: 5210 PZN: 7567537 Preis: 3,90 EUR PAngV: 39,00 EUR pro 100 ml Gewicht: 0.05 Kg 50 ml Art.Nr.: 5220 PZN: 7567543 Preis: 13,70 EUR PAngV: 27,40 EUR pro 100 ml Gewicht: 0.12 Kg Ab 3,90 EUR incl. 19 % UST exkl. Versandkosten Lieferzeit: 3-7 Werktage* Herkunft: Australien Art Produkts: Ätherisches Öl konventionellem Anbau Beschreibung: Unser Teebaumöl 100% naturreines, vielseitig einsetzbares ätherisches Öl hautpflegenden belebenden Eigenschaften. Bei Auswahl Teebaumöl Wesentlichen Substanzen beachten, nämlich Terpinen Cineol. Terpinen, Kohlenstoff-Verbindung, für pflegende Wirkung Haut verantwortlich. Daher qualitativ hochwertiges Teebaumöl mindestens 30% (+)- Terpinen-4-ol enthalten. Unser Teebaumöl enthält sogar 39% wertvollen Stoffes. Cineol (auch Eukalyptol genannt) ätherische Substanz, Blättern Eukalyptusbaumes finden ist. Cineol sorgt Erkältungskrankheiten für Linderung, reizt höheren Konzentrationen Haut Schleimhäute. Aus Grund hochwertiges Teebaumöl maximal 5% Cineol enthalten. Unser Teebaumöl enthält 2% Cineol. Powered by First-Web * Gilt für Lieferungen Deutschland. Lieferzeiten für Länder Informationen Berechnung Liefertermins siehe </fragment> </item> <item> <fragment> Cedar, organic - Biofrid-Cosmetic GmbH &amp; Co. KG Herstellung Vertrieb diätetischen, kosmetischen pharmazeutischen Produkten » Home Login / Register | Your account | Shopping Cart | Cash box Search Literature Products Cosmetics Dietary Supplement Essential/fatty oils Shipping &amp; Returns Privacy Notice General terms and conditions Imprint Contact Right of revocation Standard withdrawal form Newsletter Biofrid Cosmetic GmbH &amp; Co.KG Hasseler Steinweg 9 27318 Hoya Postfach 1355 27316 Hoya Telefon 04251 9352-396 Telefax 04251 9352-290 Social Bookmarks [&lt;&lt;First] [&lt;Back] [Next&gt;] [last&gt;&gt;] 120 Articles this categorie Cedar, organic Volume: 10 ml Product No.: 93802 PZN: 6872215 Price: 8,50 EUR Price reg.: 85,00 EUR per 100 ml Weight: 0.05 Kg from 8,50 EUR incl. 19 % Tax excl. Shipping costs Shipping time: 3-7 working days* Origin: Morocco Type of product: Essential oil from controlled organic crops Description: The wood from which the essential oil is obtained leaves strong traces the fragrance of the oil. It is woody, balmy and warm. When placed room, the fragrance provides balancing and stabilizing atmosphere, giving feeling of calm and warmth. Note: These are volatile, highly concentrated oily substances obtained by different procedures e.g. water steam distillation or cold-pressing, from different plant elements. They are mostly clear and after having volatilized (except after cold-pressing) normally do not leave any visible traces. The products offered by Biofrid® are of high quality whose ingredients originate from controlled organic crops and contain 100% essential oil. Essential oils must be used very sparingly and consciously. They serve to fill room as well as improving the surrounding air with pleasant fragrance. Undiluted they must not come into contact with skin or mucous membranes, as this could cause irritation. Special caution must be exercised during pregnancy and the presence of children. Due to the numerous fragrances contained only one plant, genuine essential oils have very full bouquet to which great importance is attached regarding choice of the country of origin, and this is why the range is limited. In exceptional cases the supplier country is changed, e.g. where cases of supply shortage or crop failure could occur. Content: Cedrus atlatica from wood Customers who bought this product bought the following products: RMS Biofrid from 18,00 EUR incl. 7 % Tax excl. Shipping costs Didier® Skin Moisturising Cream with Germanium from 19,90 EUR incl. 19 % Tax excl. Shipping costs Arginin-diet Biofrid from 11,90 EUR incl. 7 % Tax excl. Shipping costs Palmarosa, organic from 5,90 EUR incl. 19 % Tax excl. Shipping costs Didier® Bath Pearls with Germanium (bag) from 191,60 EUR incl. 19 % Tax excl. Shipping costs Didier® Bath Pearls with Germanium from 19,90 EUR incl. 19 % Tax excl. Shipping costs Powered by First-Web * Gilt für Lieferungen Deutschland. Lieferzeiten für Länder Informationen Berechnung Liefertermins siehe </fragment> </item> <item> <fragment> Zedernöl, kbA - Biofrid-Cosmetic GmbH &amp; Co. KG Herstellung Vertrieb diätetischen, kosmetischen pharmazeutischen Produkten » Startseite Login / Registrierung | Ihre persönliche Seite | Warenkorb | Kasse Suche Literatur Produkte Ätherische/fette Öle Kosmetik Nahrungsergänzung/erg.bil. Diät Liefer- Versandkosten Datenschutz Unsere AGB Impressum Kontakt Widerrufsrecht Widerrufsformular Newsletter Biofrid Cosmetic GmbH &amp; Co.KG Hasseler Steinweg 9 27318 Hoya Postfach 1355 27316 Hoya Telefon 04251 9352-396 Telefax 04251 9352-290 Social Bookmarks [&lt;&lt;Erstes] [&lt;zurück] [weiter&gt;] [Letztes&gt;&gt;] 120 Artikel Kategorie Zedernöl, kbA Inhalt: 10 ml Art.Nr.: 93802 PZN: 6872215 Preis: 8,50 EUR PAngV: 85,00 EUR pro 100 ml Gewicht: 0.05 Kg Ab 8,50 EUR incl. 19 % UST exkl. Versandkosten Lieferzeit: 3-7 Werktage* Herkunft: Marokko Art Produkts: Ätherisches Öl kontrolliert biologischem Anbau (kbA) Beschreibung: Das Holz, ätherische Öl gewonnen wird, hinterlässt starke Spuren Duft Öles. Er holzig, balsamisch warm. Bei Raumbeduftung schafft ausgleichende stabilisierende Atmosphäre, Gefühl Ruhe Geborgenheit aufkommt. Hinweis: Unsere ätherischen fetten Öle kontrolliert biologischem Anbau (kbA) höchster Qualität. Es handelt flüchtige, hochkonzentrierte, ölige Substanzen, unterschiedlichen Herstellungsverfahren - Wasserdampfdestillation kalte Pressung - verschiedenen Pflanzenteilen gewonnen werden. Sie zumeist farblos hinterlassen Regel (außer Kaltpressung) sichtbaren Spuren, verflüchtigt haben. Diese ätherischen Öle 100% naturrein. Der Einsatz ätherischer Öle sparsam bewusst geschehen. Sie dienen Raumbeduftung Luftverbesserung. Sie dürfen unverdünnt Haut Schleimhäuten Kontakt gebracht werden, Reizungen führen können. In Schwangerschaft Kindern besondere Vorsicht geboten. Die angebotenen genuinen ätherischen Öle aufgrund Vielzahl einzigen Pflanze enthaltenen Duftstoffe umfassendes Bouquet. Darauf bezüglich Wahl Herkunftslandes Wert gelegt, Sortiment bewusst knapp gehalten. Aufgrund Lieferengpässen Ernteausfällen Ausnahmefällen Land gewechselt werden. Als Trägeröl bieten Jojobaöl an. Inhalt: Cedrus atlantica Holz Kunden, Artikel kauften, folgende Artikel gekauft: RMS Biofrid Ab 18,00 EUR incl. 7 % UST exkl. Versandkosten Didier® Hautcreme Germanium Ab 19,90 EUR incl. 19 % UST exkl. Versandkosten Arginin-diet Biofrid Ab 11,90 EUR incl. 7 % UST exkl. Versandkosten Palmarosaöl, kbA Ab 5,90 EUR incl. 19 % UST exkl. Versandkosten Didier® Badeperlen Germanium (Beutel) Ab 191,60 EUR incl. 19 % UST exkl. Versandkosten Didier® Badeperlen Germanium Ab 19,90 EUR incl. 19 % UST exkl. Versandkosten Powered by First-Web * Gilt für Lieferungen Deutschland. Lieferzeiten für Länder Informationen Berechnung Liefertermins siehe </fragment> </item> <item> <fragment> Fischöl Kapseln Biofrid - Biofrid-Cosmetic GmbH &amp; Co. KG Herstellung Vertrieb diätetischen, kosmetischen pharmazeutischen Produkten » Startseite Login / Registrierung | Ihre persönliche Seite | Warenkorb | Kasse Suche Literatur Produkte Ätherische/fette Öle Kosmetik Nahrungsergänzung/erg.bil. Diät Liefer- Versandkosten Datenschutz Unsere AGB Impressum Kontakt Widerrufsrecht Widerrufsformular Newsletter Biofrid Cosmetic GmbH &amp; Co.KG Hasseler Steinweg 9 27318 Hoya Postfach 1355 27316 Hoya Telefon 04251 9352-396 Telefax 04251 9352-290 Social Bookmarks [&lt;&lt;Erstes] [&lt;zurück] [weiter&gt;] [Letztes&gt;&gt;] 54 Artikel Kategorie Fischöl Kapseln Biofrid 240er 60er Inhalt: 60 Kapseln Art.Nr.: 37311060 PZN: 10132493 Preis: 10,70 EUR PAngV: 25,48 EUR pro 100 Gramm Gewicht: 0.07 Kg 240 Kapseln Art.Nr.: 37311240 PZN: 10132501 Preis: 32,90 EUR PAngV: 19,58 EUR pro 100 Gramm Gewicht: 0.24 Kg Ab 10,70 EUR incl. 7 % UST exkl. Versandkosten Lieferzeit: 3-7 Werktage* Nahrungsergänzungsmittel ungesättigten Fettsäuren Zutaten: Fischöl (71,4%), Gelatine, Feuchthaltemittel: Glycerin, DL-alpha-Tocopherylacetat, Antioxidationsmittel: stark tocopherolhaltige Extrakte Füllmenge: 42 (60 Kapseln) 168 (240 Kapseln) Verzehrempfehlung: 3 mal täglich 2 Kapseln Mahlzeiten verzehren Health Claim(s): EPA DHA tragen normalen Herzfunktion bei. DHA trägt normalen Gehirnfunktion Sehkraft bei. Hinweis: Das Öl Fischöl Kapseln Biofrid Hochseefischen gewonnen enthält ungesättigte Fettsäuren (die sogenannten Omega-3-Fettsäuren EPA DHA). Der Ersatz gesättigter Fettsäuren einfach und/oder mehrfach ungesättigte Fettsäuren Ernährung trägt Aufrechterhaltung normalen Cholesterinspiegels Blut bei. Der menschliche Organismus ausreichend produzieren, sodass Nahrung aufgenommen müssen. Die positive Wirkung Erhaltung normalen Gehirnfunktion Sehkraft stellt täglichen Aufnahme 250 mg DHA ein. Die positive Wirkung Erhaltung normalen Herzfunktion stellt täglichen Aufnahme 250 mg EPA DHA ein. Dieses Nahrungsergänzungsmittel Ersatz für abwechslungsreiche ausgewogene Ernährung gesunde Lebensweise. Die angegebene Tagesdosis überschreiten. Für Kinder unzugänglich aufbewahren. Nährstofftabelle: Nährstoff pro Tag (6 Kapseln) % T.B. 1) Fischöl 3.000 mg 2) * Eicosapentaensäure (EPA) 480 mg 2) * Docosahexaensäure (DHA) 300 mg 2) * Omega-3-Fettsäuren 900 mg 1) Referenzmenge gemäß LMIV 2) RDA-Wert festgelegt Nährwerttabelle: Brennwert 126 kJ/ 30 kcal Fett 3,0 * gesättigte Fettsäuren 0,6 * einfach ungesättigte Fettsäuren 0,6 * mehrfach ungesättigte Fettsäuren 1,2 Kohlenhydrate 0,3 * Zucker 0 Eiweiß 0,6 Salz &lt; 0,1 Vitamin E 1,8 mg alpha-TE 15 Allergene: Fisch Hersteller: Sanum-Kehlbeck GmbH &amp; Co. KG, Hasseler Steinweg 9, 27318 Hoya Kunden, Artikel kauften, folgende Artikel gekauft: Nachtkerzenöl Kapseln Ab 10,20 EUR incl. 7 % UST exkl. Versandkosten Didier® Nachtkerzen-Vitamin E-Creme Ab 7,50 EUR incl. 19 % UST exkl. Versandkosten Didier® Hautcreme Germanium Ab 19,90 EUR incl. 19 % UST exkl. Versandkosten Arnica Creme Biofrid Ab 6,90 EUR incl. 19 % UST exkl. Versandkosten Ringelblumen Creme Biofrid Ab 6,90 EUR incl. 19 % UST exkl. Versandkosten Propolis Creme Biofrid Ab 6,90 EUR incl. 19 % UST exkl. Versandkosten Powered by First-Web * Gilt für Lieferungen Deutschland. Lieferzeiten für Länder Informationen Berechnung Liefertermins siehe </fragment> </item> <item> <fragment> Selen-Biofrid - Biofrid-Cosmetic GmbH &amp; Co. KG Herstellung Vertrieb diätetischen, kosmetischen pharmazeutischen Produkten » Home Login / Register | Your account | Shopping Cart | Cash box Search Literature Products Cosmetics Dietary Supplement Essential/fatty oils Shipping &amp; Returns Privacy Notice General terms and conditions Imprint Contact Right of revocation Standard withdrawal form Newsletter Biofrid Cosmetic GmbH &amp; Co.KG Hasseler Steinweg 9 27318 Hoya Postfach 1355 27316 Hoya Telefon 04251 9352-396 Telefax 04251 9352-290 Social Bookmarks [&lt;&lt;First] [&lt;Back] [Next&gt;] [last&gt;&gt;] 54 Articles this categorie Selen-Biofrid 100er 20er Volume: 20 Capsules Product No.: 96601 PZN: 4240988 Price: 5,50 EUR Price reg.: 67,90 EUR per 100 Gramme Weight: 0.03 Kg 100 Capsules Product No.: 96607 PZN: 4241522 Price: 15,90 EUR Price reg.: 39,36 EUR per 100 Gramme Weight: 0.08 Kg from 5,50 EUR incl. 7 % Tax excl. Shipping costs Shipping time: 3-7 working days* Food Supplement with L-Selenomethionine Ingredients filler material cellulose, coating: hydroxypropylmethylcellulosis, filler material Dibasic calcium phosphate, separating medium magnesium stearate, l-selenomethionine Contents: 8,1 (20 Capsules) 40,4 (100 Capsules) Recommended intake: daily 1 capsule to be taken with one meal Health Claim(s): Supports cellprotection function of immunologic system utilization of iodine with the production of thyroid homones Notice Selenium belongs to the essential trace elements, i.e. to the group of metallic substances (ore producer) and is mostly found plants the form of L-selenomethionine. Up to 20 mg of Selenium can be found humans, of which the main quantity is found the muscles, whilst the highest concentrations are the liver, kidneys and spleen. Selenium protects the body cells against oxidative impairment. Selenium helps to capture free radicals and supports the function of the immunologic system. The body requires Selenium for processing iodine by the production of thyroid hormones. This supplementary food is not substitute for varied and well-balanced diet and healthy lifestyle. Do not exceed the daily dose stated. Keep out of reach of children. Table of nutrients: Nutrient per 100 per day (1 Capsule) % NRV *) Selenium 7 mg 30 μg 55% *) Reference quantity according to LIMV Table of nutritive value Calorific value 5,8 kJ/ 1,4 kcal 0 kJ/ 0 kcal Fat 0,2 0 * thereof saturated fatty acids 0,2 0 Carbohydrate 0 0 * thereof sugar 0 0 Protein 0 0 Salt 0 0 Allergens not contained Producer: Sanum-Kehlbeck GmbH &amp; Co. KG, Hasseler Steinweg 9, 27318 Hoya Customers who bought this product bought the following products: Nachtkerzenöl Kapseln from 10,20 EUR incl. 7 % Tax excl. Shipping costs Didier® Evening Primrose Vitamin E Lotion from 10,60 EUR incl. 19 % Tax excl. Shipping costs Didier® Skin Moisturising Cream with Germanium from 19,90 EUR incl. 19 % Tax excl. Shipping costs Fish Oil Capsules Biofrid from 10,70 EUR incl. 7 % Tax excl. Shipping costs Lavender, organic from 8,50 EUR incl. 19 % Tax excl. Shipping costs EPALIPID® from 17,50 EUR incl. 7 % Tax excl. Shipping costs Powered by First-Web * Gilt für Lieferungen Deutschland. Lieferzeiten für Länder Informationen Berechnung Liefertermins siehe </fragment> </item> <item> <fragment> Selen-Biofrid - Biofrid-Cosmetic GmbH &amp; Co. KG Herstellung Vertrieb diätetischen, kosmetischen pharmazeutischen Produkten » Startseite Login / Registrierung | Ihre persönliche Seite | Warenkorb | Kasse Suche Literatur Produkte Ätherische/fette Öle Kosmetik Nahrungsergänzung/erg.bil. Diät Liefer- Versandkosten Datenschutz Unsere AGB Impressum Kontakt Widerrufsrecht Widerrufsformular Newsletter Biofrid Cosmetic GmbH &amp; Co.KG Hasseler Steinweg 9 27318 Hoya Postfach 1355 27316 Hoya Telefon 04251 9352-396 Telefax 04251 9352-290 Social Bookmarks [&lt;&lt;Erstes] [&lt;zurück] [weiter&gt;] [Letztes&gt;&gt;] 54 Artikel Kategorie Selen-Biofrid 100er 20er Inhalt: 20 Kapseln Art.Nr.: 96601 PZN: 4240988 Preis: 5,50 EUR PAngV: 67,90 EUR pro 100 Gramm Gewicht: 0.03 Kg 100 Kapseln Art.Nr.: 96607 PZN: 4241522 Preis: 15,90 EUR PAngV: 39,36 EUR pro 100 Gramm Gewicht: 0.08 Kg Ab 5,50 EUR incl. 7 % UST exkl. Versandkosten Lieferzeit: 3-7 Werktage* Nahrungsergänzungsmittel L-Selenomethionin Zutaten: Füllstoff Cellulose, Überzugsmittel Hydroxypropylmethylcellulose, Füllstoff Monocalciumphosphat, Trennmittel Magnesiumsalze Speisefettsäuren, L-Selenomethionin. Füllmenge: 8,1 (20 Kapseln) 40,4 (100 Kapseln) Verzehrempfehlung: täglich 1 Kapsel Mahlzeit verzehren Health Claim(s) Unterstützung Zellschutzes funktionsfähigen Immunsystems Verwertung Jod Produktion Schilddrüsenhormonen. Hinweis Selen zählt essentiellen Spurenelementen. Das Gruppe Chalkogene (Erzbildner) zählende Element findet Pflanzen vorzugsweise Form L-Selenomethionin. Im Körper Menschen 20 Milligramm Selen vorhanden. Die Hauptmenge Muskeln lokalisiert. Die höchsten Konzentrationen treten Leber, Niere Milz auf. Selen schützt Körperzellen oxidativen Schädigungen. Selen hilft freie Radikale abzufangen unterstützt Funktion Immunsystems. Der Körper braucht Selen für Verwertung Jod Produktion Schilddrüsenhormonen. Die angegebene empfohlene tägliche Verzehrmenge überschritten werden. Nahrungsergänzungsmittel Ersatz für ausgewogene abwechslungsreiche Ernährung gesunde Lebensweise verwendet werden. Bitte außerhalb Reichweite Kindern lagern. Nährstofftabelle: Nährstoff pro 100 pro Tag (1 Kapsel) % NRV *) Selen 7 mg 30 μg 55% *) Referenzmenge gemäß Lebensmittelinformationsverordnung Nährwerttabelle Brennwert 5,8 kJ/ 1,4 kcal 0 kJ/ 0 kcal Fett 0,2 0 * gesättigte Fettsäuren 0,2 0 Kohlenhydrate 0 0 * Zucker 0 0 Eiweiß 0 0 Salz 0 0 Allergene enthalten Hersteller: Sanum-Kehlbeck GmbH &amp; Co. KG, Hasseler Steinweg 9, 27318 Hoya Kunden, Artikel kauften, folgende Artikel gekauft: Nachtkerzenöl Kapseln Ab 10,20 EUR incl. 7 % UST exkl. Versandkosten Didier® Nachtkerzen-Vitamin E Lotion Ab 10,60 EUR incl. 19 % UST exkl. Versandkosten Didier® Hautcreme Germanium Ab 19,90 EUR incl. 19 % UST exkl. Versandkosten Fischöl Kapseln Biofrid Ab 10,70 EUR incl. 7 % UST exkl. Versandkosten Lavendelöl, kbA Ab 8,50 EUR incl. 19 % UST exkl. Versandkosten EPALIPID® Ab 17,50 EUR incl. 7 % UST exkl. Versandkosten Powered by First-Web * Gilt für Lieferungen Deutschland. Lieferzeiten für Länder Informationen Berechnung Liefertermins siehe </fragment> </item> <item> <fragment> Biofrid-Cosmetic GmbH &amp; Co. KG Herstellung Vertrieb diätetischen, kosmetischen pharmazeutischen Produkten » Home Login / Register | Your account | Shopping Cart | Cash box Search Literature Products Cosmetics Dietary Supplement Essential/fatty oils Shipping &amp; Returns Privacy Notice General terms and conditions Imprint Contact Right of revocation Standard withdrawal form Newsletter Biofrid Cosmetic GmbH &amp; Co.KG Hasseler Steinweg 9 27318 Hoya Postfach 1355 27316 Hoya Telefon 04251 9352-396 Telefax 04251 9352-290 Social Bookmarks Your personal dates Welcome! 'This is your personal page. Login or create new account Your account Show or change my account Information Show or change my address book information Change My Password e-mail notication Subscribing to newsletter or cancelling newsletter. Powered by First-Web * Gilt für Lieferungen Deutschland. Lieferzeiten für Länder Informationen Berechnung Liefertermins siehe </fragment> </item> <item> <fragment> Biofrid-Cosmetic GmbH &amp; Co. KG Herstellung Vertrieb diätetischen, kosmetischen pharmazeutischen Produkten » Startseite Login / Registrierung | Ihre persönliche Seite | Warenkorb | Kasse Suche Literatur Produkte Ätherische/fette Öle Kosmetik Nahrungsergänzung/erg.bil. Diät Liefer- Versandkosten Datenschutz Unsere AGB Impressum Kontakt Widerrufsrecht Widerrufsformular Newsletter Biofrid Cosmetic GmbH &amp; Co.KG Hasseler Steinweg 9 27318 Hoya Postfach 1355 27316 Hoya Telefon 04251 9352-396 Telefax 04251 9352-290 Social Bookmarks Ihre persönliche Seite Herzlich Willkommen! Dies Ihre persönliche Seite. Wenn Sie registriert haben, können Sie Ihre persönlichen Daten ändern. Anmelden neues Konto erstellen Ihre persönlichen Einstellungen Kontodaten bearbeiten Adressbuch bearbeiten Passwort ändern E-Mail Benachrichtigungen Newsletter abonnieren abbestellen Powered by First-Web * Gilt für Lieferungen Deutschland. Lieferzeiten für Länder Informationen Berechnung Liefertermins siehe </fragment> </item> <item> <fragment> Biofrid-Cosmetic GmbH &amp; Co. KG Herstellung Vertrieb diätetischen, kosmetischen pharmazeutischen Produkten » Startseite Login / Registrierung | Ihre persönliche Seite | Warenkorb | Kasse Suche Literatur Produkte Ätherische/fette Öle Kosmetik Nahrungsergänzung/erg.bil. Diät Liefer- Versandkosten Datenschutz Unsere AGB Impressum Kontakt Widerrufsrecht Widerrufsformular Newsletter Biofrid Cosmetic GmbH &amp; Co.KG Hasseler Steinweg 9 27318 Hoya Postfach 1355 27316 Hoya Telefon 04251 9352-396 Telefax 04251 9352-290 Social Bookmarks Ihr Warenkorb enthält: Ihr Warenkorb leer. Powered by First-Web * Gilt für Lieferungen Deutschland. Lieferzeiten für Länder Informationen Berechnung Liefertermins siehe </fragment> </item> <item> <fragment> Zimtblätteröl, kbA - Biofrid-Cosmetic GmbH &amp; Co. KG Herstellung Vertrieb diätetischen, kosmetischen pharmazeutischen Produkten » Startseite Login / Registrierung | Ihre persönliche Seite | Warenkorb | Kasse Suche Literatur Produkte Ätherische/fette Öle Kosmetik Nahrungsergänzung/erg.bil. Diät Liefer- Versandkosten Datenschutz Unsere AGB Impressum Kontakt Widerrufsrecht Widerrufsformular Newsletter Biofrid Cosmetic GmbH &amp; Co.KG Hasseler Steinweg 9 27318 Hoya Postfach 1355 27316 Hoya Telefon 04251 9352-396 Telefax 04251 9352-290 Social Bookmarks [&lt;&lt;Erstes] [&lt;zurück] [weiter&gt;] [Letztes&gt;&gt;] 120 Artikel Kategorie Zimtblätteröl, kbA Inhalt: 5 ml Art.Nr.: 93851 PZN: 6872221 Preis: 4,00 EUR PAngV: 80,00 EUR pro 100 ml Gewicht: 0.05 Kg Ab 4,00 EUR incl. 19 % UST exkl. Versandkosten Lieferzeit: 3-7 Werktage* Herkunft: Sri Lanka Art Produkts: Ätherisches Öl kontrolliert biologischem Anbau (kbA) Beschreibung: Der Duft ätherischen Zimtöles Verwendung Pflanze Küche bekannt. Würzig, süß angenehm mild wirkt erwärmend, anregend inspirierend. Er vermittelt Gefühl angenehmen Geborgenheit. Hinweis: Unsere ätherischen fetten Öle kontrolliert biologischem Anbau (kbA) höchster Qualität. Es handelt flüchtige, hochkonzentrierte, ölige Substanzen, unterschiedlichen Herstellungsverfahren - Wasserdampfdestillation kalte Pressung - verschiedenen Pflanzenteilen gewonnen werden. Sie zumeist farblos hinterlassen Regel (außer Kaltpressung) sichtbaren Spuren, verflüchtigt haben. Diese ätherischen Öle 100% naturrein. Der Einsatz ätherischer Öle sparsam bewusst geschehen. Sie dienen Raumbeduftung Luftverbesserung. Sie dürfen unverdünnt Haut Schleimhäuten Kontakt gebracht werden, Reizungen führen können. In Schwangerschaft Kindern besondere Vorsicht geboten. Die angebotenen genuinen ätherischen Öle aufgrund Vielzahl einzigen Pflanze enthaltenen Duftstoffe umfassendes Bouquet. Darauf bezüglich Wahl Herkunftslandes Wert gelegt, Sortiment bewusst knapp gehalten. Aufgrund Lieferengpässen Ernteausfällen Ausnahmefällen Land gewechselt werden. Als Trägeröl bieten Jojobaöl an. Inhalt: Cinnamomum ceylanicum Blättern Kunden, Artikel kauften, folgende Artikel gekauft: Bergamotteöl, kbA Ab 8,50 EUR incl. 19 % UST exkl. Versandkosten Rosengeranienöl, kbA Ab 7,70 EUR incl. 19 % UST exkl. Versandkosten Thymianöl (linalol), kbA Ab 11,40 EUR incl. 19 % UST exkl. Versandkosten Didier® Badeperlen Germanium (Beutel) Ab 191,60 EUR incl. 19 % UST exkl. Versandkosten RMS Biofrid Ab 18,00 EUR incl. 7 % UST exkl. Versandkosten EPALIPID® Ab 17,50 EUR incl. 7 % UST exkl. Versandkosten Powered by First-Web * Gilt für Lieferungen Deutschland. Lieferzeiten für Länder Informationen Berechnung Liefertermins siehe </fragment> </item> <item> <fragment> Zedernöl, kbA - Biofrid-Cosmetic GmbH &amp; Co. KG Herstellung Vertrieb diätetischen, kosmetischen pharmazeutischen Produkten » Startseite Login / Registrierung | Ihre persönliche Seite | Warenkorb | Kasse Suche Literatur Produkte Ätherische/fette Öle Kosmetik Nahrungsergänzung/erg.bil. Diät Liefer- Versandkosten Datenschutz Unsere AGB Impressum Kontakt Widerrufsrecht Widerrufsformular Newsletter Biofrid Cosmetic GmbH &amp; Co.KG Hasseler Steinweg 9 27318 Hoya Postfach 1355 27316 Hoya Telefon 04251 9352-396 Telefax 04251 9352-290 Social Bookmarks [&lt;&lt;Erstes] [&lt;zurück] [weiter&gt;] [Letztes&gt;&gt;] 120 Artikel Kategorie Zedernöl, kbA Inhalt: 10 ml Art.Nr.: 93802 PZN: 6872215 Preis: 8,50 EUR PAngV: 85,00 EUR pro 100 ml Gewicht: 0.05 Kg Ab 8,50 EUR incl. 19 % UST exkl. Versandkosten Lieferzeit: 3-7 Werktage* Herkunft: Marokko Art Produkts: Ätherisches Öl kontrolliert biologischem Anbau (kbA) Beschreibung: Das Holz, ätherische Öl gewonnen wird, hinterlässt starke Spuren Duft Öles. Er holzig, balsamisch warm. Bei Raumbeduftung schafft ausgleichende stabilisierende Atmosphäre, Gefühl Ruhe Geborgenheit aufkommt. Hinweis: Unsere ätherischen fetten Öle kontrolliert biologischem Anbau (kbA) höchster Qualität. Es handelt flüchtige, hochkonzentrierte, ölige Substanzen, unterschiedlichen Herstellungsverfahren - Wasserdampfdestillation kalte Pressung - verschiedenen Pflanzenteilen gewonnen werden. Sie zumeist farblos hinterlassen Regel (außer Kaltpressung) sichtbaren Spuren, verflüchtigt haben. Diese ätherischen Öle 100% naturrein. Der Einsatz ätherischer Öle sparsam bewusst geschehen. Sie dienen Raumbeduftung Luftverbesserung. Sie dürfen unverdünnt Haut Schleimhäuten Kontakt gebracht werden, Reizungen führen können. In Schwangerschaft Kindern besondere Vorsicht geboten. Die angebotenen genuinen ätherischen Öle aufgrund Vielzahl einzigen Pflanze enthaltenen Duftstoffe umfassendes Bouquet. Darauf bezüglich Wahl Herkunftslandes Wert gelegt, Sortiment bewusst knapp gehalten. Aufgrund Lieferengpässen Ernteausfällen Ausnahmefällen Land gewechselt werden. Als Trägeröl bieten Jojobaöl an. Inhalt: Cedrus atlantica Holz Kunden, Artikel kauften, folgende Artikel gekauft: RMS Biofrid Ab 18,00 EUR incl. 7 % UST exkl. Versandkosten Didier® Hautcreme Germanium Ab 19,90 EUR incl. 19 % UST exkl. Versandkosten Arginin-diet Biofrid Ab 11,90 EUR incl. 7 % UST exkl. Versandkosten Palmarosaöl, kbA Ab 5,90 EUR incl. 19 % UST exkl. Versandkosten Didier® Badeperlen Germanium (Beutel) Ab 191,60 EUR incl. 19 % UST exkl. Versandkosten Didier® Badeperlen Germanium Ab 19,90 EUR incl. 19 % UST exkl. Versandkosten Powered by First-Web * Gilt für Lieferungen Deutschland. Lieferzeiten für Länder Informationen Berechnung Liefertermins siehe </fragment> </item> <item> <fragment> Thymianöl (linalol), kbA - Biofrid-Cosmetic GmbH &amp; Co. KG Herstellung Vertrieb diätetischen, kosmetischen pharmazeutischen Produkten » Startseite Login / Registrierung | Ihre persönliche Seite | Warenkorb | Kasse Suche Literatur Produkte Ätherische/fette Öle Kosmetik Nahrungsergänzung/erg.bil. Diät Liefer- Versandkosten Datenschutz Unsere AGB Impressum Kontakt Widerrufsrecht Widerrufsformular Newsletter Biofrid Cosmetic GmbH &amp; Co.KG Hasseler Steinweg 9 27318 Hoya Postfach 1355 27316 Hoya Telefon 04251 9352-396 Telefax 04251 9352-290 Social Bookmarks [&lt;&lt;Erstes] [&lt;zurück] [weiter&gt;] [Letztes&gt;&gt;] 120 Artikel Kategorie Thymianöl (linalol), kbA Inhalt: 5 ml Art.Nr.: 93751 PZN: 6872103 Preis: 11,40 EUR pro Stück PAngV: 228,00 EUR pro Gewicht: 0.05 Kg Ab 11,40 EUR incl. 19 % UST exkl. Versandkosten Lieferzeit: 3-7 Werktage* Herkunft: Frankreich Art Produkts: Ätherisches Öl kontrolliert biologischem Anbau (kbA) Beschreibung: Das ätherische Öl Thymians breites Bouquet Duftnoten, frisch, herb-süß mild reichen Zitrone erinnern. Nach Raumbeduftung erscheint Luft gereinigt, fühlen angeregt motiviert. Hinweis: Unsere ätherischen fetten Öle kontrolliert biologischem Anbau (kbA) höchster Qualität. Es handelt flüchtige, hochkonzentrierte, ölige Substanzen, unterschiedlichen Herstellungsverfahren - Wasserdampfdestillation kalte Pressung - verschiedenen Pflanzenteilen gewonnen werden. Sie zumeist farblos hinterlassen Regel (außer Kaltpressung) sichtbaren Spuren, verflüchtigt haben. Diese ätherischen Öle 100% naturrein. Der Einsatz ätherischer Öle sparsam bewusst geschehen. Sie dienen Raumbeduftung Luftverbesserung. Sie dürfen unverdünnt Haut Schleimhäuten Kontakt gebracht werden, Reizungen führen können. In Schwangerschaft Kindern besondere Vorsicht geboten. Die angebotenen genuinen ätherischen Öle aufgrund Vielzahl einzigen Pflanze enthaltenen Duftstoffe umfassendes Bouquet. Darauf bezüglich Wahl Herkunftslandes Wert gelegt, Sortiment bewusst knapp gehalten. Aufgrund Lieferengpässen Ernteausfällen Ausnahmefällen Land gewechselt werden. Als Trägeröl bieten Jojobaöl an. Inhalt: Thymus vulgaris linalol Kraut Kunden, Artikel kauften, folgende Artikel gekauft: Zink-diet Biofrid Ab 9,00 EUR incl. 7 % UST exkl. Versandkosten Didier® Hautcreme Germanium Ab 19,90 EUR incl. 19 % UST exkl. Versandkosten Didier® Nachtkerzen-Vitamin E Lotion Ab 10,60 EUR incl. 19 % UST exkl. Versandkosten Didier® Nachtkerzen-Vitamin E-Creme Ab 7,50 EUR incl. 19 % UST exkl. Versandkosten Propolis Creme Biofrid Ab 6,90 EUR incl. 19 % UST exkl. Versandkosten Ringelblumen Creme Biofrid Ab 6,90 EUR incl. 19 % UST exkl. Versandkosten Powered by First-Web * Gilt für Lieferungen Deutschland. Lieferzeiten für Länder Informationen Berechnung Liefertermins siehe </fragment> </item> <item> <fragment> Teebaumöl, konv. Anbau - Biofrid-Cosmetic GmbH &amp; Co. KG Herstellung Vertrieb diätetischen, kosmetischen pharmazeutischen Produkten » Startseite Login / Registrierung | Ihre persönliche Seite | Warenkorb | Kasse Suche Literatur Produkte Ätherische/fette Öle Kosmetik Nahrungsergänzung/erg.bil. Diät Liefer- Versandkosten Datenschutz Unsere AGB Impressum Kontakt Widerrufsrecht Widerrufsformular Newsletter Biofrid Cosmetic GmbH &amp; Co.KG Hasseler Steinweg 9 27318 Hoya Postfach 1355 27316 Hoya Telefon 04251 9352-396 Telefax 04251 9352-290 Social Bookmarks [&lt;&lt;Erstes] [&lt;zurück] [weiter&gt;] [Letztes&gt;&gt;] 120 Artikel Kategorie Teebaumöl, konv. Anbau Inhalt: 10 ml Art.Nr.: 5210 PZN: 7567537 Preis: 3,90 EUR PAngV: 39,00 EUR pro 100 ml Gewicht: 0.05 Kg 50 ml Art.Nr.: 5220 PZN: 7567543 Preis: 13,70 EUR PAngV: 27,40 EUR pro 100 ml Gewicht: 0.12 Kg Ab 3,90 EUR incl. 19 % UST exkl. Versandkosten Lieferzeit: 3-7 Werktage* Herkunft: Australien Art Produkts: Ätherisches Öl konventionellem Anbau Beschreibung: Unser Teebaumöl 100% naturreines, vielseitig einsetzbares ätherisches Öl hautpflegenden belebenden Eigenschaften. Bei Auswahl Teebaumöl Wesentlichen Substanzen beachten, nämlich Terpinen Cineol. Terpinen, Kohlenstoff-Verbindung, für pflegende Wirkung Haut verantwortlich. Daher qualitativ hochwertiges Teebaumöl mindestens 30% (+)- Terpinen-4-ol enthalten. Unser Teebaumöl enthält sogar 39% wertvollen Stoffes. Cineol (auch Eukalyptol genannt) ätherische Substanz, Blättern Eukalyptusbaumes finden ist. Cineol sorgt Erkältungskrankheiten für Linderung, reizt höheren Konzentrationen Haut Schleimhäute. Aus Grund hochwertiges Teebaumöl maximal 5% Cineol enthalten. Unser Teebaumöl enthält 2% Cineol. Powered by First-Web * Gilt für Lieferungen Deutschland. Lieferzeiten für Länder Informationen Berechnung Liefertermins siehe </fragment> </item> <item> <fragment> Teebaumöl, kbA - Biofrid-Cosmetic GmbH &amp; Co. KG Herstellung Vertrieb diätetischen, kosmetischen pharmazeutischen Produkten » Startseite Login / Registrierung | Ihre persönliche Seite | Warenkorb | Kasse Suche Literatur Produkte Ätherische/fette Öle Kosmetik Nahrungsergänzung/erg.bil. Diät Liefer- Versandkosten Datenschutz Unsere AGB Impressum Kontakt Widerrufsrecht Widerrufsformular Newsletter Biofrid Cosmetic GmbH &amp; Co.KG Hasseler Steinweg 9 27318 Hoya Postfach 1355 27316 Hoya Telefon 04251 9352-396 Telefax 04251 9352-290 Social Bookmarks [&lt;&lt;Erstes] [&lt;zurück] [weiter&gt;] [Letztes&gt;&gt;] 120 Artikel Kategorie Teebaumöl, kbA Inhalt: 10 ml Art.Nr.: 93702 PZN: 6872066 Preis: 6,90 EUR PAngV: 69,00 EUR pro 100 ml Gewicht: 0.05 Kg Ab 6,90 EUR incl. 19 % UST exkl. Versandkosten Lieferzeit: 3-7 Werktage* Herkunft: Australien Art Produkts: Ätherisches Öl kontrolliert biologischem Anbau (kbA) Beschreibung: Das Teebaumöl aufgrund typischen strengen, krautig-würzigen Duftes bekannt. Man empfindet erfrischende Klarheit, konzentriertem Denken anregt. Hinweis: Unsere ätherischen fetten Öle kontrolliert biologischem Anbau (kbA) höchster Qualität. Es handelt flüchtige, hochkonzentrierte, ölige Substanzen, unterschiedlichen Herstellungsverfahren - Wasserdampfdestillation kalte Pressung - verschiedenen Pflanzenteilen gewonnen werden. Sie zumeist farblos hinterlassen Regel (außer Kaltpressung) sichtbaren Spuren, verflüchtigt haben. Diese ätherischen Öle 100% naturrein. Der Einsatz ätherischer Öle sparsam bewusst geschehen. Sie dienen Raumbeduftung Luftverbesserung. Sie dürfen unverdünnt Haut Schleimhäuten Kontakt gebracht werden, Reizungen führen können. In Schwangerschaft Kindern besondere Vorsicht geboten. Die angebotenen genuinen ätherischen Öle aufgrund Vielzahl einzigen Pflanze enthaltenen Duftstoffe umfassendes Bouquet. Darauf bezüglich Wahl Herkunftslandes Wert gelegt, Sortiment bewusst knapp gehalten. Aufgrund Lieferengpässen Ernteausfällen Ausnahmefällen Land gewechselt werden. Als Trägeröl bieten Jojobaöl an. Inhalt: Melaleuca alternifolia Blättern Kunden, Artikel kauften, folgende Artikel gekauft: RMS Biofrid Ab 18,00 EUR incl. 7 % UST exkl. Versandkosten Jojobaöl, kbA Ab 6,90 EUR incl. 19 % UST exkl. Versandkosten Didier® Badeperlen Germanium (Beutel) Ab 191,60 EUR incl. 19 % UST exkl. Versandkosten Didier® Hautcreme Germanium Ab 19,90 EUR incl. 19 % UST exkl. Versandkosten Mandarinenöl (rot) kbA Ab 7,70 EUR incl. 19 % UST exkl. Versandkosten Pfefferminzöl, kbA Ab 9,70 EUR incl. 19 % UST exkl. Versandkosten Powered by First-Web * Gilt für Lieferungen Deutschland. Lieferzeiten für Länder Informationen Berechnung Liefertermins siehe </fragment> </item> <item> <fragment> Rosmarinöl (verbenon), kbA - Biofrid-Cosmetic GmbH &amp; Co. KG Herstellung Vertrieb diätetischen, kosmetischen pharmazeutischen Produkten » Startseite Login / Registrierung | Ihre persönliche Seite | Warenkorb | Kasse Suche Literatur Produkte Ätherische/fette Öle Kosmetik Nahrungsergänzung/erg.bil. Diät Liefer- Versandkosten Datenschutz Unsere AGB Impressum Kontakt Widerrufsrecht Widerrufsformular Newsletter Biofrid Cosmetic GmbH &amp; Co.KG Hasseler Steinweg 9 27318 Hoya Postfach 1355 27316 Hoya Telefon 04251 9352-396 Telefax 04251 9352-290 Social Bookmarks [&lt;&lt;Erstes] [&lt;zurück] [weiter&gt;] [Letztes&gt;&gt;] 120 Artikel Kategorie Rosmarinöl (verbenon), kbA Inhalt: 5 ml Art.Nr.: 93651 PZN: 6872043 Preis: 9,50 EUR PAngV: 190,00 EUR pro 100 ml Ab 9,50 EUR incl. 19 % UST exkl. Versandkosten Lieferzeit: 3-7 Werktage* Herkunft: Frankreich Art Produkts: Ätherisches Öl kontrolliert biologischem Anbau (kbA) Beschreibung: Aus krautigen oberirdischen Pflanzenteilen würziges ätherisches Öl gewonnen. Der Duft klar frisch. Er ermunternde konzentrationsfördernde Note. Hinweis: Unsere ätherischen fetten Öle kontrolliert biologischem Anbau (kbA) höchster Qualität. Es handelt flüchtige, hochkonzentrierte, ölige Substanzen, unterschiedlichen Herstellungsverfahren - Wasserdampfdestillation kalte Pressung - verschiedenen Pflanzenteilen gewonnen werden. Sie zumeist farblos hinterlassen Regel (außer Kaltpressung) sichtbaren Spuren, verflüchtigt haben. Diese ätherischen Öle 100% naturrein. Der Einsatz ätherischer Öle sparsam bewusst geschehen. Sie dienen Raumbeduftung Luftverbesserung. Sie dürfen unverdünnt Haut Schleimhäuten Kontakt gebracht werden, Reizungen führen können. In Schwangerschaft Kindern besondere Vorsicht geboten. Die angebotenen genuinen ätherischen Öle aufgrund Vielzahl einzigen Pflanze enthaltenen Duftstoffe umfassendes Bouquet. Darauf bezüglich Wahl Herkunftslandes Wert gelegt, Sortiment bewusst knapp gehalten. Aufgrund Lieferengpässen Ernteausfällen Ausnahmefällen Land gewechselt werden. Als Trägeröl bieten Jojobaöl an. Inhalt: Rosmarinus officinalis verbenon Kraut Kunden, Artikel kauften, folgende Artikel gekauft: Palmarosaöl, kbA Ab 5,90 EUR incl. 19 % UST exkl. Versandkosten Rosengeranienöl, kbA Ab 7,70 EUR incl. 19 % UST exkl. Versandkosten Thymianöl (linalol), kbA Ab 11,40 EUR incl. 19 % UST exkl. Versandkosten Bergamotteöl, kbA Ab 8,50 EUR incl. 19 % UST exkl. Versandkosten Arnica Creme Biofrid Ab 6,90 EUR incl. 19 % UST exkl. Versandkosten Ringelblumen Creme Biofrid Ab 6,90 EUR incl. 19 % UST exkl. Versandkosten Powered by First-Web * Gilt für Lieferungen Deutschland. Lieferzeiten für Länder Informationen Berechnung Liefertermins siehe </fragment> </item> <item> <fragment> Rosengeranienöl, kbA - Biofrid-Cosmetic GmbH &amp; Co. KG Herstellung Vertrieb diätetischen, kosmetischen pharmazeutischen Produkten » Startseite Login / Registrierung | Ihre persönliche Seite | Warenkorb | Kasse Suche Literatur Produkte Ätherische/fette Öle Kosmetik Nahrungsergänzung/erg.bil. Diät Liefer- Versandkosten Datenschutz Unsere AGB Impressum Kontakt Widerrufsrecht Widerrufsformular Newsletter Biofrid Cosmetic GmbH &amp; Co.KG Hasseler Steinweg 9 27318 Hoya Postfach 1355 27316 Hoya Telefon 04251 9352-396 Telefax 04251 9352-290 Social Bookmarks [&lt;&lt;Erstes] [&lt;zurück] [weiter&gt;] [Letztes&gt;&gt;] 120 Artikel Kategorie Rosengeranienöl, kbA Inhalt: 5 ml Art.Nr.: 93601 PZN: 6872037 Preis: 7,70 EUR PAngV: 154,00 EUR pro 100 ml Ab 7,70 EUR incl. 19 % UST exkl. Versandkosten Lieferzeit: 3-7 Werktage* Herkunft: Ägypten Art Produkts: Ätherisches Öl kontrolliert biologischem Anbau (kbA) Beschreibung: Der Duft Öls rosenähnlich, warm blumig. Deshalb Gefühl stark angesprochen. Die Duftnote ausgleichend, sinnlich, anregend. Hinweis: Unsere ätherischen fetten Öle kontrolliert biologischem Anbau (kbA) höchster Qualität. Es handelt flüchtige, hochkonzentrierte, ölige Substanzen, unterschiedlichen Herstellungsverfahren - Wasserdampfdestillation kalte Pressung - verschiedenen Pflanzenteilen gewonnen werden. Sie zumeist farblos hinterlassen Regel (außer Kaltpressung) sichtbaren Spuren, verflüchtigt haben. Diese ätherischen Öle 100% naturrein. Der Einsatz ätherischer Öle sparsam bewusst geschehen. Sie dienen Raumbeduftung Luftverbesserung. Sie dürfen unverdünnt Haut Schleimhäuten Kontakt gebracht werden, Reizungen führen können. In Schwangerschaft Kindern besondere Vorsicht geboten. Die angebotenen genuinen ätherischen Öle aufgrund Vielzahl einzigen Pflanze enthaltenen Duftstoffe umfassendes Bouquet. Darauf bezüglich Wahl Herkunftslandes Wert gelegt, Sortiment bewusst knapp gehalten. Aufgrund Lieferengpässen Ernteausfällen Ausnahmefällen Land gewechselt werden. Als Trägeröl bieten Jojobaöl an. Inhalt: Pelargonium graveolens Blättern Kunden, Artikel kauften, folgende Artikel gekauft: Didier® Hautcreme Germanium Ab 19,90 EUR incl. 19 % UST exkl. Versandkosten Didier® Nachtkerzen-Vitamin E Lotion Ab 10,60 EUR incl. 19 % UST exkl. Versandkosten Ringelblumen Creme Biofrid Ab 6,90 EUR incl. 19 % UST exkl. Versandkosten Arginin-diet Biofrid Ab 11,90 EUR incl. 7 % UST exkl. Versandkosten Zimtblätteröl, kbA Ab 4,00 EUR incl. 19 % UST exkl. Versandkosten Zitronenöl, kbA Ab 6,50 EUR incl. 19 % UST exkl. Versandkosten Powered by First-Web * Gilt für Lieferungen Deutschland. Lieferzeiten für Länder Informationen Berechnung Liefertermins siehe </fragment> </item> <item> <fragment> Pfefferminzöl, kbA - Biofrid-Cosmetic GmbH &amp; Co. KG Herstellung Vertrieb diätetischen, kosmetischen pharmazeutischen Produkten » Startseite Login / Registrierung | Ihre persönliche Seite | Warenkorb | Kasse Suche Literatur Produkte Ätherische/fette Öle Kosmetik Nahrungsergänzung/erg.bil. Diät Liefer- Versandkosten Datenschutz Unsere AGB Impressum Kontakt Widerrufsrecht Widerrufsformular Newsletter Biofrid Cosmetic GmbH &amp; Co.KG Hasseler Steinweg 9 27318 Hoya Postfach 1355 27316 Hoya Telefon 04251 9352-396 Telefax 04251 9352-290 Social Bookmarks [&lt;&lt;Erstes] [&lt;zurück] [weiter&gt;] [Letztes&gt;&gt;] 120 Artikel Kategorie Pfefferminzöl, kbA Inhalt: 10 ml Art.Nr.: 93552 PZN: 6872020 Preis: 9,70 EUR PAngV: 97,00 EUR pro 100 ml Ab 9,70 EUR incl. 19 % UST exkl. Versandkosten Lieferzeit: 3-7 Werktage* Herkunft: Indien Art Produkts: Ätherisches Öl kontrolliert biologischem Anbau (kbA) Beschreibung: Jeder kennt frischen, klaren kühlenden Duft Pfefferminze. Er starke Kopfnote Eindruck anregenden Klarheit für Denken. Die Luft erscheint gereinigt Duft, aktiviert werden. Hinweis: Unsere ätherischen fetten Öle kontrolliert biologischem Anbau (kbA) höchster Qualität. Es handelt flüchtige, hochkonzentrierte, ölige Substanzen, unterschiedlichen Herstellungsverfahren - Wasserdampfdestillation kalte Pressung - verschiedenen Pflanzenteilen gewonnen werden. Sie zumeist farblos hinterlassen Regel (außer Kaltpressung) sichtbaren Spuren, verflüchtigt haben. Diese ätherischen Öle 100% naturrein. Der Einsatz ätherischer Öle sparsam bewusst geschehen. Sie dienen Raumbeduftung Luftverbesserung. Sie dürfen unverdünnt Haut Schleimhäuten Kontakt gebracht werden, Reizungen führen können. In Schwangerschaft Kindern besondere Vorsicht geboten. Die angebotenen genuinen ätherischen Öle aufgrund Vielzahl einzigen Pflanze enthaltenen Duftstoffe umfassendes Bouquet. Darauf bezüglich Wahl Herkunftslandes Wert gelegt, Sortiment bewusst knapp gehalten. Aufgrund Lieferengpässen Ernteausfällen Ausnahmefällen Land gewechselt werden. Als Trägeröl bieten Jojobaöl an. Inhalt: Mentha piperita Kraut Kunden, Artikel kauften, folgende Artikel gekauft: Thymianöl (linalol), kbA Ab 11,40 EUR incl. 19 % UST exkl. Versandkosten Niaouliöl, kbA Ab 7,00 EUR incl. 19 % UST exkl. Versandkosten Teebaumöl, kbA Ab 6,90 EUR incl. 19 % UST exkl. Versandkosten Bergamotteöl, kbA Ab 8,50 EUR incl. 19 % UST exkl. Versandkosten Cajeputöl, kbA Ab 6,90 EUR incl. 19 % UST exkl. Versandkosten Palmarosaöl, kbA Ab 5,90 EUR incl. 19 % UST exkl. Versandkosten Powered by First-Web * Gilt für Lieferungen Deutschland. Lieferzeiten für Länder Informationen Berechnung Liefertermins siehe </fragment> </item> <item> <fragment> Zimtblätteröl, kbA - Biofrid-Cosmetic GmbH &amp; Co. KG Herstellung Vertrieb diätetischen, kosmetischen pharmazeutischen Produkten » Startseite Login / Registrierung | Ihre persönliche Seite | Warenkorb | Kasse Suche Literatur Produkte Ätherische/fette Öle Kosmetik Nahrungsergänzung/erg.bil. Diät Liefer- Versandkosten Datenschutz Unsere AGB Impressum Kontakt Widerrufsrecht Widerrufsformular Newsletter Biofrid Cosmetic GmbH &amp; Co.KG Hasseler Steinweg 9 27318 Hoya Postfach 1355 27316 Hoya Telefon 04251 9352-396 Telefax 04251 9352-290 Social Bookmarks [&lt;&lt;Erstes] [&lt;zurück] [weiter&gt;] [Letztes&gt;&gt;] 120 Artikel Kategorie Zimtblätteröl, kbA Inhalt: 5 ml Art.Nr.: 93851 PZN: 6872221 Preis: 4,00 EUR PAngV: 80,00 EUR pro 100 ml Gewicht: 0.05 Kg Ab 4,00 EUR incl. 19 % UST exkl. Versandkosten Lieferzeit: 3-7 Werktage* Herkunft: Sri Lanka Art Produkts: Ätherisches Öl kontrolliert biologischem Anbau (kbA) Beschreibung: Der Duft ätherischen Zimtöles Verwendung Pflanze Küche bekannt. Würzig, süß angenehm mild wirkt erwärmend, anregend inspirierend. Er vermittelt Gefühl angenehmen Geborgenheit. Hinweis: Unsere ätherischen fetten Öle kontrolliert biologischem Anbau (kbA) höchster Qualität. Es handelt flüchtige, hochkonzentrierte, ölige Substanzen, unterschiedlichen Herstellungsverfahren - Wasserdampfdestillation kalte Pressung - verschiedenen Pflanzenteilen gewonnen werden. Sie zumeist farblos hinterlassen Regel (außer Kaltpressung) sichtbaren Spuren, verflüchtigt haben. Diese ätherischen Öle 100% naturrein. Der Einsatz ätherischer Öle sparsam bewusst geschehen. Sie dienen Raumbeduftung Luftverbesserung. Sie dürfen unverdünnt Haut Schleimhäuten Kontakt gebracht werden, Reizungen führen können. In Schwangerschaft Kindern besondere Vorsicht geboten. Die angebotenen genuinen ätherischen Öle aufgrund Vielzahl einzigen Pflanze enthaltenen Duftstoffe umfassendes Bouquet. Darauf bezüglich Wahl Herkunftslandes Wert gelegt, Sortiment bewusst knapp gehalten. Aufgrund Lieferengpässen Ernteausfällen Ausnahmefällen Land gewechselt werden. Als Trägeröl bieten Jojobaöl an. Inhalt: Cinnamomum ceylanicum Blättern Kunden, Artikel kauften, folgende Artikel gekauft: Bergamotteöl, kbA Ab 8,50 EUR incl. 19 % UST exkl. Versandkosten Rosengeranienöl, kbA Ab 7,70 EUR incl. 19 % UST exkl. Versandkosten Thymianöl (linalol), kbA Ab 11,40 EUR incl. 19 % UST exkl. Versandkosten Didier® Badeperlen Germanium (Beutel) Ab 191,60 EUR incl. 19 % UST exkl. Versandkosten RMS Biofrid Ab 18,00 EUR incl. 7 % UST exkl. Versandkosten EPALIPID® Ab 17,50 EUR incl. 7 % UST exkl. Versandkosten Powered by First-Web * Gilt für Lieferungen Deutschland. Lieferzeiten für Länder Informationen Berechnung Liefertermins siehe </fragment> </item> <item> <fragment> Sojalecithin EPALIPID® - Biofrid-Cosmetic GmbH &amp; Co. KG Herstellung Vertrieb diätetischen, kosmetischen pharmazeutischen Produkten » Startseite Login / Registrierung | Ihre persönliche Seite | Warenkorb | Kasse Suche Literatur Produkte Ätherische/fette Öle Kosmetik Nahrungsergänzung/erg.bil. Diät Liefer- Versandkosten Datenschutz Unsere AGB Impressum Kontakt Widerrufsrecht Widerrufsformular Newsletter Biofrid Cosmetic GmbH &amp; Co.KG Hasseler Steinweg 9 27318 Hoya Postfach 1355 27316 Hoya Telefon 04251 9352-396 Telefax 04251 9352-290 Social Bookmarks [weiter&gt;] [Letztes&gt;&gt;] 120 Artikel Kategorie EPALIPID® bisheriges Design Inhalt: 300 Art.Nr.: 35030 PZN: 148671 Preis: 17,50 EUR PAngV: 5,83 EUR pro 100 Gramm Gewicht: 0.4 Kg Ab 17,50 EUR incl. 7 % UST exkl. Versandkosten Lieferzeit: 3-7 Werktage* Nahrungsergänzungsmittel Zutaten: Soja lecithin (ohne Gentechnik) Füllmenge: 300 (entsprechen 20 Tagesdosen á 15 g) Verzehrempfehlung: Verzehrempfehlung: 3 Teelöffel täglich. Die Tagesdosis Belieben Flüssigkeiten einrühren über Speisen streuen. Hinweis: Sojalecithin Phospholipidgemisch typischen Inhaltsstoffen Phosphatidylcholin, Phosphatidylethanolamin Phosphatidylinositol. Diese wiederum enthalten großen Prozentsatz Fettsäuren, mehrfach ungesättigten, z. B. Linol- Linolensäure, überwiegen. Die angegebene empfohlene tägliche Verzehrmenge überschritten werden. Nahrungsergänzungsmittel Ersatz für ausgewogene abwechslungsreiche Ernährung gesunde Lebensweise verwendet werden. Bitte außerhalb Reichweite Kindern lagern. Nährstofftabelle: pro 100 pro Tag (3 Teelöffel, ca. 15 g) Lecithin 100 15 *) * Linolsäure 29,0 4,4 * Linolensäure 3,5 0,53 *) Referenzmenge gemäß Lebensmittelinformationsverordnung Nährwerttabelle Brennwert 3.700 kJ/ 900 kcal 555 kJ/ 135 kcal Fett 91 13,7 * gesättigte Fettsäuren 12 1,8 Kohlenhydrate 8 1,2 * Zucker 4 0,6 Eiweiß 0 0 Salz 0,1 &lt; 0,1 Allergene Soja Hersteller: Sanum-Kehlbeck GmbH &amp; Co. KG, Hasseler Steinweg 9, 27318 Hoya Kunden, Artikel kauften, folgende Artikel gekauft: Arginin-diet Biofrid Ab 11,90 EUR incl. 7 % UST exkl. Versandkosten Nachtkerzenöl Kapseln Ab 10,20 EUR incl. 7 % UST exkl. Versandkosten Didier® Nachtkerzen-Vitamin E Lotion Ab 10,60 EUR incl. 19 % UST exkl. Versandkosten Arnica Creme Biofrid Ab 6,90 EUR incl. 19 % UST exkl. Versandkosten Selen-Biofrid Ab 5,50 EUR incl. 7 % UST exkl. Versandkosten Zimtblätteröl, kbA Ab 4,00 EUR incl. 19 % UST exkl. Versandkosten Powered by First-Web * Gilt für Lieferungen Deutschland. Lieferzeiten für Länder Informationen Berechnung Liefertermins siehe </fragment> </item> <item> <fragment> rechtsdrehende Milchsäure RMS Biofrid - Biofrid-Cosmetic GmbH &amp; Co. KG Herstellung Vertrieb diätetischen, kosmetischen pharmazeutischen Produkten » Startseite Login / Registrierung | Ihre persönliche Seite | Warenkorb | Kasse Suche Literatur Produkte Ätherische/fette Öle Kosmetik Nahrungsergänzung/erg.bil. Diät Liefer- Versandkosten Datenschutz Unsere AGB Impressum Kontakt Widerrufsrecht Widerrufsformular Newsletter Biofrid Cosmetic GmbH &amp; Co.KG Hasseler Steinweg 9 27318 Hoya Postfach 1355 27316 Hoya Telefon 04251 9352-396 Telefax 04251 9352-290 Social Bookmarks [weiter&gt;] [Letztes&gt;&gt;] 120 Artikel Kategorie RMS Biofrid Inhalt: 100 ml Art.Nr.: 96707 PZN: 10132470 Preis: 18,00 EUR PAngV: 180,00 EUR pro Liter Gewicht: 0.24 Kg Ab 18,00 EUR incl. 7 % UST exkl. Versandkosten Lieferzeit: 3-7 Werktage* Nahrungsergänzungsmittel Zutaten: Wasser, Milchsäure (25 %). Füllmenge: 100 ml (entsprechen 135 Tagesdosen á 20 Tropfen bzw. 45 Tagesdosen á 60 Tropfen) Verzehrempfehlung: 1-3 mal täglich 20 Tropfen verdünnt Wasser Tee einnehmen. Hinweis Die angegebene empfohlene tägliche Verzehrmenge überschritten werden. Nahrungsergänzungsmittel Ersatz für ausgewogene abwechslungsreiche Ernährung gesunde Lebensweise verwendet werden. Bitte außerhalb Reichweite Kindern lagern. Nicht unverdünnt einnehmen. Nährstofftabelle: Nährstoff pro 100 ml pro 20 Tropfen pro 3 20 (= 60) Tropfen L(+)-Milchsäure 25 185 mg 555 mg *) *) Referenzmenge gemäß Lebensmittelinformationsverordnung Nährwerttabelle Brennwert 325 kJ/ 2,4 kJ/ 7,2 kJ/ 75 kcal 0,6 kcal 1,7 kcal Fett 0 0 0 * gesättigte Fettsäuren 0 0 0 Kohlenhydrate 0 0 0 * Zucker 0 0 0 Eiweiß 0 0 0 Salz 0 0 0 Allergene enthalten Hersteller: Sanum-Kehlbeck GmbH &amp; Co. KG, Hasseler Steinweg 9, 27318 Hoya Kunden, Artikel kauften, folgende Artikel gekauft: Teebaumöl, kbA Ab 6,90 EUR incl. 19 % UST exkl. Versandkosten Jojobaöl, kbA Ab 6,90 EUR incl. 19 % UST exkl. Versandkosten Didier® Nachtkerzen-Vitamin E Lotion Ab 10,60 EUR incl. 19 % UST exkl. Versandkosten Nachtkerzenöl Kapseln Ab 10,20 EUR incl. 7 % UST exkl. Versandkosten Zedernöl, kbA Ab 8,50 EUR incl. 19 % UST exkl. Versandkosten Didier® Badeperlen Germanium Ab 19,90 EUR incl. 19 % UST exkl. Versandkosten Powered by First-Web * Gilt für Lieferungen Deutschland. Lieferzeiten für Länder Informationen Berechnung Liefertermins siehe </fragment> </item> <item> <fragment> Arginin-diet Biofrid - Biofrid-Cosmetic GmbH &amp; Co. KG Herstellung Vertrieb diätetischen, kosmetischen pharmazeutischen Produkten » Startseite Login / Registrierung | Ihre persönliche Seite | Warenkorb | Kasse Suche Literatur Produkte Ätherische/fette Öle Kosmetik Nahrungsergänzung/erg.bil. Diät Liefer- Versandkosten Datenschutz Unsere AGB Impressum Kontakt Widerrufsrecht Widerrufsformular Newsletter Biofrid Cosmetic GmbH &amp; Co.KG Hasseler Steinweg 9 27318 Hoya Postfach 1355 27316 Hoya Telefon 04251 9352-396 Telefax 04251 9352-290 Social Bookmarks [weiter&gt;] [Letztes&gt;&gt;] 120 Artikel Kategorie Arginin-diet Biofrid Inhalt: 40 Tabletten Art.Nr.: 94102 PZN: 0877602 Preis: 11,90 EUR PAngV: 41,32 EUR pro 100 Gramm Gewicht: 0.12 Kg 100 Tabletten Art.Nr.: 94107 PZN: 0877884 Preis: 26,90 EUR PAngV: 37,36 EUR pro 100 Gramm Gewicht: 0.06 Kg Ab 11,90 EUR incl. 7 % UST exkl. Versandkosten Lieferzeit: 3-7 Werktage* Diätetisches Lebensmittel Zutaten: (in 100 g): 69,4 L-Arginin, Stabilisator Sorbit, Trennmittel Magnesiumsalze Speisefettsäuren, 138 mg Pyridoxinhydrochlorid, 18,5 mg Folsäure, 0,2 mg Cyanocobalamin. Füllmenge: 28,8 (40 Tabletten) 72,0 (100 Tabletten) Verzehrempfehlung: 3 mal täglich 2 Tabletten Mahlzeiten verzehren Zweckbestimmung Zur diätetischen Behandlung Arteriosklerose erhöhten Homocysteinspiegel Zufuhr L-Arginin, Folsäure, Vitamin B6 Vitamin B12 Hinweis Mit Arginin-diet Biofrid stellt Firma Biofrid-Cosmetic GmbH &amp; Co. KG Produkt Verfügung, Aminosäure L-Arginin, Folsäure, Vitamin B6 Vitamin B12 enthält. Arginin-diet Biofrid diätetisches Lebensmittel für besondere medizinische Zwecke (bilanzierte Diät) diätetischen Behandlung Arteriosklerose erhöhtem Homocysteinspiegel. Folsäure, Vitamin B12 Vitamin B6 tragen normalen Homocystein-Stoffwechsel bei. Mit Hilfe Folsäure Vitamin B12 Homocystein Methionin Beteiligung Vitamin B6 Aminosäure Cystein abgebaut. Arginin-diet Biofrid für Erwachsene bestimmt ergänzende bilanzierte Diät ärztlicher Aufsicht angewendet werden. Arginin-diet Biofrid einzunehmen schweren Herz-Kreislauf-Erkrankungen. Da Erfahrungen Schwangeren bzw. stillenden Frauen Kindern vorliegen, Personengruppe Verzehr abzuraten. Da Überzug/Coating Tabletten verzichtet wurde, Tabletten lichtgeschützt Blister aufzubewahren unmittelbar Verzehr entnehmen. Dieses diätetische Lebensmittel Ersatz für abwechslungsreiche ausgewogene Ernährung gesunde Lebensweise. Die angegebene Tagesdosis überschreiten. Für Kinder unzugänglich aufbewahren. Nährstofftabelle: Nährstoff pro 100 pro Portion (2 Tabletten) pro Tag (6 Tabletten) L-Arginin 69,4 1.000 mg 3.000 mg Vitamin B6 138 mg 2 mg 6 mg Folsäure 18,5 mg 266 µg 798 µg Vitamin B12 200 µg 3 µg 9 µg Nährwerttabelle Brennwert 1.511 kJ / 357 kcal 21,8 kJ / 5,1 kcal 65,3 kJ / 15,4 kcal Fett 1,0 0,01 0,04 * gesättigte Fettsäuren 1,0 0,01 0,04 Kohlenhydrate 29,4 0,42 1,3 * Zucker 0,0 0,0 0,0 Eiweiß 69,4 1,0 3,0 Salz 0 0 0 Allergene enthalten Hersteller: Sanum-Kehlbeck GmbH &amp; Co. KG, Hasseler Steinweg 9, 27318 Hoya Kunden, Artikel kauften, folgende Artikel gekauft: Rosengeranienöl, kbA Ab 7,70 EUR incl. 19 % UST exkl. Versandkosten Cajeputöl, kbA Ab 6,90 EUR incl. 19 % UST exkl. Versandkosten Ringelblumen Creme Biofrid Ab 6,90 EUR incl. 19 % UST exkl. Versandkosten Propolis Creme Biofrid Ab 6,90 EUR incl. 19 % UST exkl. Versandkosten Nachtkerzenöl Kapseln Ab 10,20 EUR incl. 7 % UST exkl. Versandkosten EPALIPID® Ab 17,50 EUR incl. 7 % UST exkl. Versandkosten Powered by First-Web * Gilt für Lieferungen Deutschland. Lieferzeiten für Länder Informationen Berechnung Liefertermins siehe </fragment> </item> <item> <fragment> Didier® Hautcreme Germanium - Biofrid-Cosmetic GmbH &amp; Co. KG Herstellung Vertrieb diätetischen, kosmetischen pharmazeutischen Produkten » Startseite Login / Registrierung | Ihre persönliche Seite | Warenkorb | Kasse Suche Literatur Produkte Ätherische/fette Öle Kosmetik Nahrungsergänzung/erg.bil. Diät Liefer- Versandkosten Datenschutz Unsere AGB Impressum Kontakt Widerrufsrecht Widerrufsformular Newsletter Biofrid Cosmetic GmbH &amp; Co.KG Hasseler Steinweg 9 27318 Hoya Postfach 1355 27316 Hoya Telefon 04251 9352-396 Telefax 04251 9352-290 Social Bookmarks [weiter&gt;] [Letztes&gt;&gt;] 120 Artikel Kategorie Didier® Hautcreme Germanium Inhalt: 50 ml Art.Nr.: 27020050 PZN: 3919005 Preis: 19,90 EUR PAngV: 39,80 EUR pro 100 ml Gewicht: 0.16 Kg Ab 19,90 EUR incl. 19 % UST exkl. Versandkosten Lieferzeit: 3-7 Werktage* Art Produkts: Creme Verwendungszweck: Ausgleichende Feuchtigkeitscreme für Hauttyp Sanumgerman Beschreibung: • verleiht gepflegtes Aussehen strahlenden Teint • spendet Feuchtigkeit für empfindliche Haut geeignet • enthält Germanium, Nachtkerzenöl, Allantoin, Vitamin E Panthenol Didier® Hautcreme Germanium hochwertige Feuchtigkeitscreme Tages- Nachtpflege für Hauttyp eignet insbesondere für reife empfindliche Haut. Die Kombination Sanumgerman Nachtkerzenöl Haut straffenden Feuchtigkeit spendenden Eigenschaften sorgt für Kräftigung Hautstruktur. Wertvolle Zusätze Vitamin E, Allantoin Panthenol runden perfekte Dosierung ausgleichenden Pflegecreme ab. Die fettende, zart schmelzende Creme Haut glatt geschmeidig verleiht strahlendes Aussehen. Zur Steigerung pflegenden Wirkung empfehlen zusätzlich Verwendung Didier® Badeperlen Germanium . Zur Steigerung pflegenden Wirkung empfehlen zusätzlich Verwendung Didier® Badeperlen Germanium. Anwendung: Morgens abends sparsam Gesicht, Hals Dekolleté auftragen sanft einmassieren. Hinweis: Parfum Inhaltsstoffe: Aqua (Water), Cocos Nucifera (Coconut) Oil, Aloe Barbadensis Leaf Juice, Cetearyl Alcohol, Macadamia Integrifolia Seed Oil, Butyrospermum Parkii (Shea) Butter, Glycerin, Dicaprylyl Ether, Argania Spinosa Kernel Oil, Glyceryl Stearate, Panthenol, Tocopheryl Acetate, Cetearyl Glucoside, Oenothera Biennis (Eyening Primrose) Oil, Germanium-Citrate-Lactate Powder, Sodium Hyaluronate, Allantoin, Helianthus Annuus (Sunflower) Seed Oil, Glyceryl Caprylate, Medicago Sativa (Alfalfa) Extract, Sodium Stearoyl Glutamate, Sodium Levulinate, Levulinic Acid, Tocopherol, Ascorbyl Palmitate, Sodium Phytate, Alcohol, Citric Acid, Sodium Benzoate, Potassium Sorbate. Kunden, Artikel kauften, folgende Artikel gekauft: Cajeputöl, kbA Ab 6,90 EUR incl. 19 % UST exkl. Versandkosten Rosengeranienöl, kbA Ab 7,70 EUR incl. 19 % UST exkl. Versandkosten Palmarosaöl, kbA Ab 5,90 EUR incl. 19 % UST exkl. Versandkosten Jojobaöl, kbA Ab 6,90 EUR incl. 19 % UST exkl. Versandkosten Zink-diet Biofrid Ab 9,00 EUR incl. 7 % UST exkl. Versandkosten Selen-Biofrid Ab 5,50 EUR incl. 7 % UST exkl. Versandkosten Powered by First-Web * Gilt für Lieferungen Deutschland. Lieferzeiten für Länder Informationen Berechnung Liefertermins siehe </fragment> </item> <item> <fragment> Ringelblumen Creme Biofrid - Biofrid-Cosmetic GmbH &amp; Co. KG Herstellung Vertrieb diätetischen, kosmetischen pharmazeutischen Produkten » Startseite Login / Registrierung | Ihre persönliche Seite | Warenkorb | Kasse Suche Literatur Produkte Ätherische/fette Öle Kosmetik Nahrungsergänzung/erg.bil. Diät Liefer- Versandkosten Datenschutz Unsere AGB Impressum Kontakt Widerrufsrecht Widerrufsformular Newsletter Biofrid Cosmetic GmbH &amp; Co.KG Hasseler Steinweg 9 27318 Hoya Postfach 1355 27316 Hoya Telefon 04251 9352-396 Telefax 04251 9352-290 Social Bookmarks [weiter&gt;] [Letztes&gt;&gt;] 120 Artikel Kategorie Ringelblumen Creme Biofrid bisheriges Design Inhalt: 100 ml Art.Nr.: 24520100 PZN: 4255955 Preis: 6,90 EUR PAngV: 6,90 EUR pro 100 ml Gewicht: 0.14 Kg Ab 6,90 EUR incl. 19 % UST exkl. Versandkosten Lieferzeit: 3-7 Werktage* Art Produkts: Creme Beschreibung: Energiespendende Haut- Körperpflege für Hauttyp Calendula officinalis erhöht Widerstandsfähigkeit Haut schafft Ausgleich Feuchtigkeitsmangel. Sie wirkt restrukturierend unterstützt natürlichen Regenerationsprozess. Ringelblumen Creme Biofrid bietet wertvollen Zusätzen Calendula officinalis, echtem Bienenwachs, Glycerin, Allantoin, Hamamelis Hautschutzvitaminen A E optimale 24-Stunden-Versorgung allem, Umwelteinflüsse strapazierte Haut benötigt. Durch geschmeidige, fettende Konsistenz eignet Ringelblumen Creme Biofrid Gesichts- Ganzkörperpflege. Der Zusatz Beta-Carotin (Provitamin A) dient natürlicher UV-Filter. Inhaltsstoffe: Water (aqua), Isopropyl palmitate, Polyglyceryl-2 Sesquiisostearate, Mineral Oil (paraffinum liquidum), Microcrystalline Wax (cera microcristallina), Paraffin, Magnesium Stearate, Beeswax (cera alba), Aluminum Stearate, Polyethylene, Soybean (glycine soja) oily extract, Calendula (calendula officinalis), PEG-7 Hydrogenated Castor Oil, Glycerin, Beeswax (cera flava), Propylene Tocopheryl Acetate, Retinyl Palpitate, Bisabolol 100, Fragrance (parfum), Benzyl Alcohol, Methylchloroisothiazolinone, Methylisothiazolinone, Beta Carotene, Allantoin Kunden, Artikel kauften, folgende Artikel gekauft: Nachtkerzenöl Kapseln Ab 10,20 EUR incl. 7 % UST exkl. Versandkosten Didier® Badeperlen Germanium Ab 19,90 EUR incl. 19 % UST exkl. Versandkosten Rosengeranienöl, kbA Ab 7,70 EUR incl. 19 % UST exkl. Versandkosten Arginin-diet Biofrid Ab 11,90 EUR incl. 7 % UST exkl. Versandkosten Majoranöl, kbA Ab 6,90 EUR incl. 19 % UST exkl. Versandkosten Thymianöl (linalol), kbA Ab 11,40 EUR incl. 19 % UST exkl. Versandkosten Powered by First-Web * Gilt für Lieferungen Deutschland. Lieferzeiten für Länder Informationen Berechnung Liefertermins siehe </fragment> </item> <item> <fragment> Didier® Nachtkerzen-Vitamin E-Creme - Biofrid-Cosmetic GmbH &amp; Co. KG Herstellung Vertrieb diätetischen, kosmetischen pharmazeutischen Produkten » Startseite Login / Registrierung | Ihre persönliche Seite | Warenkorb | Kasse Suche Literatur Produkte Ätherische/fette Öle Kosmetik Nahrungsergänzung/erg.bil. Diät Liefer- Versandkosten Datenschutz Unsere AGB Impressum Kontakt Widerrufsrecht Widerrufsformular Newsletter Biofrid Cosmetic GmbH &amp; Co.KG Hasseler Steinweg 9 27318 Hoya Postfach 1355 27316 Hoya Telefon 04251 9352-396 Telefax 04251 9352-290 Social Bookmarks [weiter&gt;] [Letztes&gt;&gt;] 120 Artikel Kategorie Didier® Nachtkerzen-Vitamin E-Creme bisheriges Design (120 ml) Inhalt: 100 ml Art.Nr.: 98403 PZN: 9372677 Preis: 7,50 EUR PAngV: 7,50 EUR pro 100 ml Gewicht: 0.14 Kg Ab 7,50 EUR incl. 19 % UST exkl. Versandkosten Lieferzeit: 3-7 Werktage* Art Produkts: Creme Beschreibung: Die Wirkung Nachkerzenöls kannten Indianer Nordamerikas: Sie sammelten Samen, zerstampfen Brei Hautausschläge einzusetzen. Dieses Öl reich wertvollen, essentiellen Fettsäuren. Speziell Nachtkerzenöl enthaltene Gamma-Linolensäure ausreichend Körper gebildet. Viele Menschen leiden zudem trockener, schuppiger Haut. Die Anwendung Nachtkerzenöl spendet nötige Feuchtigkeit verleiht Haut gepflegtes Aussehen. Die Haut zart geschmeidig. Auch Schuppenflechte Neurodermitis Öl Nachtkerze unterstützenden Pflege geeignet. Didier® Nachtkerzen-Vitamin E-Creme bietet normalen, trockenen, empfindlichen reifen, frühzeitiger Hautalterung neigenden Haut optimalen Schutz gegenüber schädlichen Umwelteinflüssen verleiht gepflegtes Aussehen strahlenden Teint. Wertvolle Inhaltsstoffe pflegen Haut umfassend glatt geschmeidig. Die Creme schützt Feuchtigkeitsverlust wirkt Austrocknung Haut entgegen. So hilft sie, natürliche Zartheit Elastizität aufrechtzuerhalten. Tragen Sie Didier® Nachtkerzen-Vitamin E-Creme abends Gesicht, Hals Dekolleté massieren sanft ein. Hinweis: • verleiht Haut gepflegtes Aussehen strahlenden Teint • schützt Feuchtigkeitsverlust wirkt Austrocknung Haut entgegen Nachtkerzen-Vitamin E Creme eignet feuchtigkeitsspendende Gesichtsmaske. Tragen Sie Creme großzügig Gesicht Hals auf. Die Haut zart geschmeidig. Inhaltsstoffe: Water (aqua), Isopropyl Palpitate, Polyglyceryl-2 Sesquiisostearate, Mineral Oil (paraffinum liquidum), Microcrystalline Wax (cera microcristallina), Paraffin, Magnesium Stearate, Bees wax (cera alba), Aluminum Stearate, Polyethylene, Evening primrose (oenothera biennis) Oil, Tocopheryl Acetate, Glycerin, PEG-7 Hydrogenated Castor Oil, Bees Wax (cera flava), Magnesium Sulfate, Fragrance (parfum), Benzyl Alcohol, Methylchloroisothiazolinone, Methylisothiazolinone, Allantoin Kunden, Artikel kauften, folgende Artikel gekauft: Nachtkerzenöl Kapseln Ab 10,20 EUR incl. 7 % UST exkl. Versandkosten Didier® Badeperlen Germanium Ab 19,90 EUR incl. 19 % UST exkl. Versandkosten Zink-diet Biofrid Ab 9,00 EUR incl. 7 % UST exkl. Versandkosten Fischöl Kapseln Biofrid Ab 10,70 EUR incl. 7 % UST exkl. Versandkosten Majoranöl, kbA Ab 6,90 EUR incl. 19 % UST exkl. Versandkosten Thymianöl (linalol), kbA Ab 11,40 EUR incl. 19 % UST exkl. Versandkosten Powered by First-Web * Gilt für Lieferungen Deutschland. Lieferzeiten für Länder Informationen Berechnung Liefertermins siehe </fragment> </item> <item> <fragment> Teebaumöl (Tea tree oil), from conventional crops - Biofrid-Cosmetic GmbH &amp; Co. KG Herstellung Vertrieb diätetischen, kosmetischen pharmazeutischen Produkten » Home Login / Register | Your account | Shopping Cart | Cash box Search Literature Products Cosmetics Dietary Supplement Essential/fatty oils Shipping &amp; Returns Privacy Notice General terms and conditions Imprint Contact Right of revocation Standard withdrawal form Newsletter Biofrid Cosmetic GmbH &amp; Co.KG Hasseler Steinweg 9 27318 Hoya Postfach 1355 27316 Hoya Telefon 04251 9352-396 Telefax 04251 9352-290 Social Bookmarks [&lt;&lt;First] [&lt;Back] [Next&gt;] [last&gt;&gt;] 120 Articles this categorie Teebaumöl (Tea tree oil), from conventional crops Volume: 10 ml Product No.: 5210 PZN: 7567537 Price: 3,90 EUR Price reg.: 39,00 EUR per 100 ml Weight: 0.05 Kg 50 ml Product No.: 5220 PZN: 7567543 Price: 13,70 EUR Price reg.: 27,40 EUR per 100 ml Weight: 0.12 Kg from 3,90 EUR incl. 19 % Tax excl. Shipping costs Shipping time: 3-7 working days* Origin: Australia Type of product: Essential oil from conventional crops Description: Powered by First-Web * Gilt für Lieferungen Deutschland. Lieferzeiten für Länder Informationen Berechnung Liefertermins siehe </fragment> </item> <item> <fragment> Rosmarinöl (verbenon), kbA - Biofrid-Cosmetic GmbH &amp; Co. KG Herstellung Vertrieb diätetischen, kosmetischen pharmazeutischen Produkten » Startseite Login / Registrierung | Ihre persönliche Seite | Warenkorb | Kasse Suche Literatur Produkte Ätherische/fette Öle Kosmetik Nahrungsergänzung/erg.bil. Diät Liefer- Versandkosten Datenschutz Unsere AGB Impressum Kontakt Widerrufsrecht Widerrufsformular Newsletter Biofrid Cosmetic GmbH &amp; Co.KG Hasseler Steinweg 9 27318 Hoya Postfach 1355 27316 Hoya Telefon 04251 9352-396 Telefax 04251 9352-290 Social Bookmarks [&lt;&lt;Erstes] [&lt;zurück] [weiter&gt;] [Letztes&gt;&gt;] 120 Artikel Kategorie Rosmarinöl (verbenon), kbA Inhalt: 5 ml Art.Nr.: 93651 PZN: 6872043 Preis: 9,50 EUR PAngV: 190,00 EUR pro 100 ml Ab 9,50 EUR incl. 19 % UST exkl. Versandkosten Lieferzeit: 3-7 Werktage* Herkunft: Frankreich Art Produkts: Ätherisches Öl kontrolliert biologischem Anbau (kbA) Beschreibung: Aus krautigen oberirdischen Pflanzenteilen würziges ätherisches Öl gewonnen. Der Duft klar frisch. Er ermunternde konzentrationsfördernde Note. Hinweis: Unsere ätherischen fetten Öle kontrolliert biologischem Anbau (kbA) höchster Qualität. Es handelt flüchtige, hochkonzentrierte, ölige Substanzen, unterschiedlichen Herstellungsverfahren - Wasserdampfdestillation kalte Pressung - verschiedenen Pflanzenteilen gewonnen werden. Sie zumeist farblos hinterlassen Regel (außer Kaltpressung) sichtbaren Spuren, verflüchtigt haben. Diese ätherischen Öle 100% naturrein. Der Einsatz ätherischer Öle sparsam bewusst geschehen. Sie dienen Raumbeduftung Luftverbesserung. Sie dürfen unverdünnt Haut Schleimhäuten Kontakt gebracht werden, Reizungen führen können. In Schwangerschaft Kindern besondere Vorsicht geboten. Die angebotenen genuinen ätherischen Öle aufgrund Vielzahl einzigen Pflanze enthaltenen Duftstoffe umfassendes Bouquet. Darauf bezüglich Wahl Herkunftslandes Wert gelegt, Sortiment bewusst knapp gehalten. Aufgrund Lieferengpässen Ernteausfällen Ausnahmefällen Land gewechselt werden. Als Trägeröl bieten Jojobaöl an. Inhalt: Rosmarinus officinalis verbenon Kraut Kunden, Artikel kauften, folgende Artikel gekauft: Palmarosaöl, kbA Ab 5,90 EUR incl. 19 % UST exkl. Versandkosten Rosengeranienöl, kbA Ab 7,70 EUR incl. 19 % UST exkl. Versandkosten Thymianöl (linalol), kbA Ab 11,40 EUR incl. 19 % UST exkl. Versandkosten Bergamotteöl, kbA Ab 8,50 EUR incl. 19 % UST exkl. Versandkosten Arnica Creme Biofrid Ab 6,90 EUR incl. 19 % UST exkl. Versandkosten Ringelblumen Creme Biofrid Ab 6,90 EUR incl. 19 % UST exkl. Versandkosten Powered by First-Web * Gilt für Lieferungen Deutschland. Lieferzeiten für Länder Informationen Berechnung Liefertermins siehe </fragment> </item> <item> <fragment> Arnica Creme Biofrid - Biofrid-Cosmetic GmbH &amp; Co. KG Herstellung Vertrieb diätetischen, kosmetischen pharmazeutischen Produkten » Startseite Login / Registrierung | Ihre persönliche Seite | Warenkorb | Kasse Suche Literatur Produkte Ätherische/fette Öle Kosmetik Nahrungsergänzung/erg.bil. Diät Liefer- Versandkosten Datenschutz Unsere AGB Impressum Kontakt Widerrufsrecht Widerrufsformular Newsletter Biofrid Cosmetic GmbH &amp; Co.KG Hasseler Steinweg 9 27318 Hoya Postfach 1355 27316 Hoya Telefon 04251 9352-396 Telefax 04251 9352-290 Social Bookmarks [weiter&gt;] [Letztes&gt;&gt;] 120 Artikel Kategorie Arnica Creme Biofrid 100 ml bisheriges Design Inhalt: 100 ml Art.Nr.: 23520100 PZN: 4255932 Preis: 6,90 EUR PAngV: 6,90 EUR pro 100 ml Gewicht: 0.14 Kg Ab 6,90 EUR incl. 19 % UST exkl. Versandkosten Lieferzeit: 3-7 Werktage* Art Produkts: Creme Beschreibung: Optimaler Schutz für empfindliche Haut natürlichem UV-Filter Arnica montana Jahrhunderten erfolgreich eingesetzt. Überragende pflegende Eigenschaften, Hautirritationen, bedingen hohen Stellenwert Heilpflanze Kosmetik. Arnica Creme Biofrid enthält Arnica montana wertvolle Zusätze Kamille, Hamamelis, Beta-Carotin Bienenwachs ausgewogener Kombination. Sie vielseitigen Haut- Körperpflege empfohlen Bedürfnisse rauer, empfindlicher Haut abgestimmt. Inhaltsstoffe: Water (aqua), Isopropyl Palmitate, Polyglyceryl-2 Sesquiisostearate, Mineral Oil (paraffinum liquidum), Microcrystalline Wax (cera micorocristallina), Paraffin, Magnesium Stearate, Beeswax (cera alba), Aluminum Stearate, Polyethylene, Soybean (glycine soja) oily extract, Arnica Montana extract, PEG-7 Hydrogenated Castor Oil, Glycerin, Beeswax (cera flava), Propylene Glycol, Witch Hazel (hamamelis virginiana), Alcohol denat., Magnesium Sulfate, Beta Carotene, Bisabolol 100, Fragrance (parfum), Benzyl Alcohol, Methylchloroisothiazolinone, Methylisothiazolinone, Allantoin Kunden, Artikel kauften, folgende Artikel gekauft: Didier® Badeperlen Germanium Ab 19,90 EUR incl. 19 % UST exkl. Versandkosten Didier® Hautcreme Germanium Ab 19,90 EUR incl. 19 % UST exkl. Versandkosten Fischöl Kapseln Biofrid Ab 10,70 EUR incl. 7 % UST exkl. Versandkosten Arginin-diet Biofrid Ab 11,90 EUR incl. 7 % UST exkl. Versandkosten Nachtkerzenöl Kapseln Ab 10,20 EUR incl. 7 % UST exkl. Versandkosten EPALIPID® Ab 17,50 EUR incl. 7 % UST exkl. Versandkosten Powered by First-Web * Gilt für Lieferungen Deutschland. Lieferzeiten für Länder Informationen Berechnung Liefertermins siehe </fragment> </item> <item> <fragment> Pfefferminzöl, kbA - Biofrid-Cosmetic GmbH &amp; Co. KG Herstellung Vertrieb diätetischen, kosmetischen pharmazeutischen Produkten » Startseite Login / Registrierung | Ihre persönliche Seite | Warenkorb | Kasse Suche Literatur Produkte Ätherische/fette Öle Kosmetik Nahrungsergänzung/erg.bil. Diät Liefer- Versandkosten Datenschutz Unsere AGB Impressum Kontakt Widerrufsrecht Widerrufsformular Newsletter Biofrid Cosmetic GmbH &amp; Co.KG Hasseler Steinweg 9 27318 Hoya Postfach 1355 27316 Hoya Telefon 04251 9352-396 Telefax 04251 9352-290 Social Bookmarks [&lt;&lt;Erstes] [&lt;zurück] [weiter&gt;] [Letztes&gt;&gt;] 120 Artikel Kategorie Pfefferminzöl, kbA Inhalt: 10 ml Art.Nr.: 93552 PZN: 6872020 Preis: 9,70 EUR PAngV: 97,00 EUR pro 100 ml Ab 9,70 EUR incl. 19 % UST exkl. Versandkosten Lieferzeit: 3-7 Werktage* Herkunft: Indien Art Produkts: Ätherisches Öl kontrolliert biologischem Anbau (kbA) Beschreibung: Jeder kennt frischen, klaren kühlenden Duft Pfefferminze. Er starke Kopfnote Eindruck anregenden Klarheit für Denken. Die Luft erscheint gereinigt Duft, aktiviert werden. Hinweis: Unsere ätherischen fetten Öle kontrolliert biologischem Anbau (kbA) höchster Qualität. Es handelt flüchtige, hochkonzentrierte, ölige Substanzen, unterschiedlichen Herstellungsverfahren - Wasserdampfdestillation kalte Pressung - verschiedenen Pflanzenteilen gewonnen werden. Sie zumeist farblos hinterlassen Regel (außer Kaltpressung) sichtbaren Spuren, verflüchtigt haben. Diese ätherischen Öle 100% naturrein. Der Einsatz ätherischer Öle sparsam bewusst geschehen. Sie dienen Raumbeduftung Luftverbesserung. Sie dürfen unverdünnt Haut Schleimhäuten Kontakt gebracht werden, Reizungen führen können. In Schwangerschaft Kindern besondere Vorsicht geboten. Die angebotenen genuinen ätherischen Öle aufgrund Vielzahl einzigen Pflanze enthaltenen Duftstoffe umfassendes Bouquet. Darauf bezüglich Wahl Herkunftslandes Wert gelegt, Sortiment bewusst knapp gehalten. Aufgrund Lieferengpässen Ernteausfällen Ausnahmefällen Land gewechselt werden. Als Trägeröl bieten Jojobaöl an. Inhalt: Mentha piperita Kraut Kunden, Artikel kauften, folgende Artikel gekauft: Thymianöl (linalol), kbA Ab 11,40 EUR incl. 19 % UST exkl. Versandkosten Niaouliöl, kbA Ab 7,00 EUR incl. 19 % UST exkl. Versandkosten Teebaumöl, kbA Ab 6,90 EUR incl. 19 % UST exkl. Versandkosten Bergamotteöl, kbA Ab 8,50 EUR incl. 19 % UST exkl. Versandkosten Cajeputöl, kbA Ab 6,90 EUR incl. 19 % UST exkl. Versandkosten Palmarosaöl, kbA Ab 5,90 EUR incl. 19 % UST exkl. Versandkosten Powered by First-Web * Gilt für Lieferungen Deutschland. Lieferzeiten für Länder Informationen Berechnung Liefertermins siehe </fragment> </item> <item> <fragment> Cinnamon, organic - Biofrid-Cosmetic GmbH &amp; Co. KG Herstellung Vertrieb diätetischen, kosmetischen pharmazeutischen Produkten » Home Login / Register | Your account | Shopping Cart | Cash box Search Literature Products Cosmetics Dietary Supplement Essential/fatty oils Shipping &amp; Returns Privacy Notice General terms and conditions Imprint Contact Right of revocation Standard withdrawal form Newsletter Biofrid Cosmetic GmbH &amp; Co.KG Hasseler Steinweg 9 27318 Hoya Postfach 1355 27316 Hoya Telefon 04251 9352-396 Telefax 04251 9352-290 Social Bookmarks [&lt;&lt;First] [&lt;Back] [Next&gt;] [last&gt;&gt;] 120 Articles this categorie Cinnamon, organic Volume: 5 ml Product No.: 93851 PZN: 6872221 Price: 4,00 EUR Price reg.: 80,00 EUR per 100 ml Weight: 0.05 Kg from 4,00 EUR incl. 19 % Tax excl. Shipping costs Shipping time: 3-7 working days* Origin: Sri Lanka Type of product: Essential oil from controlled organic crops Description: The bouquet of the essential cinnamon oil is very well known from the use of this plant the kitchen. Being spicy, sweet and pleasantly mild, it has warming, stimulating and inspiring effect, at the same time conveying feeling of pleasant warmth. Note: These are volatile, highly concentrated oily substances obtained by different procedures e.g. water steam distillation or cold-pressing, from different plant elements. They are mostly clear and after having volatilized (except after cold-pressing) normally do not leave any visible traces. The products offered by Biofrid® are of high quality whose ingredients originate from controlled organic crops and contain 100% essential oil. Essential oils must be used very sparingly and consciously. They serve to fill room as well as improving the surrounding air with pleasant fragrance. Undiluted they must not come into contact with skin or mucous membranes, as this could cause irritation. Special caution must be exercised during pregnancy and the presence of children. Due to the numerous fragrances contained only one plant, genuine essential oils have very full bouquet to which great importance is attached regarding choice of the country of origin, and this is why the range is limited. In exceptional cases the supplier country is changed, e.g. where cases of supply shortage or crop failure could occur. Content: Cinnamomum ceylanicum from leaves Customers who bought this product bought the following products: Bergamotte, organic from 8,50 EUR incl. 19 % Tax excl. Shipping costs Rose geranium, organic from 7,70 EUR incl. 19 % Tax excl. Shipping costs Thyme (linalol), organic from 11,40 EUR incl. 19 % Tax excl. Shipping costs Didier® Bath Pearls with Germanium (bag) from 191,60 EUR incl. 19 % Tax excl. Shipping costs RMS Biofrid from 18,00 EUR incl. 7 % Tax excl. Shipping costs EPALIPID® from 17,50 EUR incl. 7 % Tax excl. Shipping costs Powered by First-Web * Gilt für Lieferungen Deutschland. Lieferzeiten für Länder Informationen Berechnung Liefertermins siehe </fragment> </item> <item> <fragment> Zimtblätteröl, kbA - Biofrid-Cosmetic GmbH &amp; Co. KG Herstellung Vertrieb diätetischen, kosmetischen pharmazeutischen Produkten » Startseite Login / Registrierung | Ihre persönliche Seite | Warenkorb | Kasse Suche Literatur Produkte Ätherische/fette Öle Kosmetik Nahrungsergänzung/erg.bil. Diät Liefer- Versandkosten Datenschutz Unsere AGB Impressum Kontakt Widerrufsrecht Widerrufsformular Newsletter Biofrid Cosmetic GmbH &amp; Co.KG Hasseler Steinweg 9 27318 Hoya Postfach 1355 27316 Hoya Telefon 04251 9352-396 Telefax 04251 9352-290 Social Bookmarks [&lt;&lt;Erstes] [&lt;zurück] [weiter&gt;] [Letztes&gt;&gt;] 120 Artikel Kategorie Zimtblätteröl, kbA Inhalt: 5 ml Art.Nr.: 93851 PZN: 6872221 Preis: 4,00 EUR PAngV: 80,00 EUR pro 100 ml Gewicht: 0.05 Kg Ab 4,00 EUR incl. 19 % UST exkl. Versandkosten Lieferzeit: 3-7 Werktage* Herkunft: Sri Lanka Art Produkts: Ätherisches Öl kontrolliert biologischem Anbau (kbA) Beschreibung: Der Duft ätherischen Zimtöles Verwendung Pflanze Küche bekannt. Würzig, süß angenehm mild wirkt erwärmend, anregend inspirierend. Er vermittelt Gefühl angenehmen Geborgenheit. Hinweis: Unsere ätherischen fetten Öle kontrolliert biologischem Anbau (kbA) höchster Qualität. Es handelt flüchtige, hochkonzentrierte, ölige Substanzen, unterschiedlichen Herstellungsverfahren - Wasserdampfdestillation kalte Pressung - verschiedenen Pflanzenteilen gewonnen werden. Sie zumeist farblos hinterlassen Regel (außer Kaltpressung) sichtbaren Spuren, verflüchtigt haben. Diese ätherischen Öle 100% naturrein. Der Einsatz ätherischer Öle sparsam bewusst geschehen. Sie dienen Raumbeduftung Luftverbesserung. Sie dürfen unverdünnt Haut Schleimhäuten Kontakt gebracht werden, Reizungen führen können. In Schwangerschaft Kindern besondere Vorsicht geboten. Die angebotenen genuinen ätherischen Öle aufgrund Vielzahl einzigen Pflanze enthaltenen Duftstoffe umfassendes Bouquet. Darauf bezüglich Wahl Herkunftslandes Wert gelegt, Sortiment bewusst knapp gehalten. Aufgrund Lieferengpässen Ernteausfällen Ausnahmefällen Land gewechselt werden. Als Trägeröl bieten Jojobaöl an. Inhalt: Cinnamomum ceylanicum Blättern Kunden, Artikel kauften, folgende Artikel gekauft: Bergamotteöl, kbA Ab 8,50 EUR incl. 19 % UST exkl. Versandkosten Rosengeranienöl, kbA Ab 7,70 EUR incl. 19 % UST exkl. Versandkosten Thymianöl (linalol), kbA Ab 11,40 EUR incl. 19 % UST exkl. Versandkosten Didier® Badeperlen Germanium (Beutel) Ab 191,60 EUR incl. 19 % UST exkl. Versandkosten RMS Biofrid Ab 18,00 EUR incl. 7 % UST exkl. Versandkosten EPALIPID® Ab 17,50 EUR incl. 7 % UST exkl. Versandkosten Powered by First-Web * Gilt für Lieferungen Deutschland. Lieferzeiten für Länder Informationen Berechnung Liefertermins siehe </fragment> </item> <item> <fragment> Peppermint, organic - Biofrid-Cosmetic GmbH &amp; Co. KG Herstellung Vertrieb diätetischen, kosmetischen pharmazeutischen Produkten » Home Login / Register | Your account | Shopping Cart | Cash box Search Literature Products Cosmetics Dietary Supplement Essential/fatty oils Shipping &amp; Returns Privacy Notice General terms and conditions Imprint Contact Right of revocation Standard withdrawal form Newsletter Biofrid Cosmetic GmbH &amp; Co.KG Hasseler Steinweg 9 27318 Hoya Postfach 1355 27316 Hoya Telefon 04251 9352-396 Telefax 04251 9352-290 Social Bookmarks [&lt;&lt;First] [&lt;Back] [Next&gt;] [last&gt;&gt;] 120 Articles this categorie Peppermint, organic Volume: 10 ml Product No.: 93552 PZN: 6872020 Price: 9,70 EUR Price reg.: 97,00 EUR per 100 ml from 9,70 EUR incl. 19 % Tax excl. Shipping costs Shipping time: 3-7 working days* Origin: India Type of product: Essential oil from controlled organic crops Description: Everybody knows the fresh, clear and cooling fragrance of peppermint. It has strong top note and gives us the impression of stimulating clarity. The air seems to be purified by the fragrance, making us feel activated. Note: These are volatile, highly concentrated oily substances obtained by different procedures e.g. water steam distillation or cold-pressing, from different plant elements. They are mostly clear and after having volatilized (except after cold-pressing) normally do not leave any visible traces. The products offered by Biofrid® are of high quality whose ingredients originate from controlled organic crops and contain 100% essential oil. Essential oils must be used very sparingly and consciously. They serve to fill room as well as improving the surrounding air with pleasant fragrance. Undiluted they must not come into contact with skin or mucous membranes, as this could cause irritation. Special caution must be exercised during pregnancy and the presence of children. Due to the numerous fragrances contained only one plant, genuine essential oils have very full bouquet to which great importance is attached regarding choice of the country of origin, and this is why the range is limited. In exceptional cases the supplier country is changed, e.g. where cases of supply shortage or crop failure could occur. Content: Mentha piperita from leaves Customers who bought this product bought the following products: Thyme (linalol), organic from 11,40 EUR incl. 19 % Tax excl. Shipping costs Niaouli, organic from 7,00 EUR incl. 19 % Tax excl. Shipping costs Tea tree, organic from 6,90 EUR incl. 19 % Tax excl. Shipping costs Bergamotte, organic from 8,50 EUR incl. 19 % Tax excl. Shipping costs Cajeput, organic from 6,90 EUR incl. 19 % Tax excl. Shipping costs Palmarosa, organic from 5,90 EUR incl. 19 % Tax excl. Shipping costs Powered by First-Web * Gilt für Lieferungen Deutschland. Lieferzeiten für Länder Informationen Berechnung Liefertermins siehe </fragment> </item> <item> <fragment> Pfefferminzöl, kbA - Biofrid-Cosmetic GmbH &amp; Co. KG Herstellung Vertrieb diätetischen, kosmetischen pharmazeutischen Produkten » Startseite Login / Registrierung | Ihre persönliche Seite | Warenkorb | Kasse Suche Literatur Produkte Ätherische/fette Öle Kosmetik Nahrungsergänzung/erg.bil. Diät Liefer- Versandkosten Datenschutz Unsere AGB Impressum Kontakt Widerrufsrecht Widerrufsformular Newsletter Biofrid Cosmetic GmbH &amp; Co.KG Hasseler Steinweg 9 27318 Hoya Postfach 1355 27316 Hoya Telefon 04251 9352-396 Telefax 04251 9352-290 Social Bookmarks [&lt;&lt;Erstes] [&lt;zurück] [weiter&gt;] [Letztes&gt;&gt;] 120 Artikel Kategorie Pfefferminzöl, kbA Inhalt: 10 ml Art.Nr.: 93552 PZN: 6872020 Preis: 9,70 EUR PAngV: 97,00 EUR pro 100 ml Ab 9,70 EUR incl. 19 % UST exkl. Versandkosten Lieferzeit: 3-7 Werktage* Herkunft: Indien Art Produkts: Ätherisches Öl kontrolliert biologischem Anbau (kbA) Beschreibung: Jeder kennt frischen, klaren kühlenden Duft Pfefferminze. Er starke Kopfnote Eindruck anregenden Klarheit für Denken. Die Luft erscheint gereinigt Duft, aktiviert werden. Hinweis: Unsere ätherischen fetten Öle kontrolliert biologischem Anbau (kbA) höchster Qualität. Es handelt flüchtige, hochkonzentrierte, ölige Substanzen, unterschiedlichen Herstellungsverfahren - Wasserdampfdestillation kalte Pressung - verschiedenen Pflanzenteilen gewonnen werden. Sie zumeist farblos hinterlassen Regel (außer Kaltpressung) sichtbaren Spuren, verflüchtigt haben. Diese ätherischen Öle 100% naturrein. Der Einsatz ätherischer Öle sparsam bewusst geschehen. Sie dienen Raumbeduftung Luftverbesserung. Sie dürfen unverdünnt Haut Schleimhäuten Kontakt gebracht werden, Reizungen führen können. In Schwangerschaft Kindern besondere Vorsicht geboten. Die angebotenen genuinen ätherischen Öle aufgrund Vielzahl einzigen Pflanze enthaltenen Duftstoffe umfassendes Bouquet. Darauf bezüglich Wahl Herkunftslandes Wert gelegt, Sortiment bewusst knapp gehalten. Aufgrund Lieferengpässen Ernteausfällen Ausnahmefällen Land gewechselt werden. Als Trägeröl bieten Jojobaöl an. Inhalt: Mentha piperita Kraut Kunden, Artikel kauften, folgende Artikel gekauft: Thymianöl (linalol), kbA Ab 11,40 EUR incl. 19 % UST exkl. Versandkosten Niaouliöl, kbA Ab 7,00 EUR incl. 19 % UST exkl. Versandkosten Teebaumöl, kbA Ab 6,90 EUR incl. 19 % UST exkl. Versandkosten Bergamotteöl, kbA Ab 8,50 EUR incl. 19 % UST exkl. Versandkosten Cajeputöl, kbA Ab 6,90 EUR incl. 19 % UST exkl. Versandkosten Palmarosaöl, kbA Ab 5,90 EUR incl. 19 % UST exkl. Versandkosten Powered by First-Web * Gilt für Lieferungen Deutschland. Lieferzeiten für Länder Informationen Berechnung Liefertermins siehe </fragment> </item> <item> <fragment> Rose geranium, organic - Biofrid-Cosmetic GmbH &amp; Co. KG Herstellung Vertrieb diätetischen, kosmetischen pharmazeutischen Produkten » Home Login / Register | Your account | Shopping Cart | Cash box Search Literature Products Cosmetics Dietary Supplement Essential/fatty oils Shipping &amp; Returns Privacy Notice General terms and conditions Imprint Contact Right of revocation Standard withdrawal form Newsletter Biofrid Cosmetic GmbH &amp; Co.KG Hasseler Steinweg 9 27318 Hoya Postfach 1355 27316 Hoya Telefon 04251 9352-396 Telefax 04251 9352-290 Social Bookmarks [&lt;&lt;First] [&lt;Back] [Next&gt;] [last&gt;&gt;] 120 Articles this categorie Rose geranium, organic Volume: 5 ml Product No.: 93601 PZN: 6872037 Price: 7,70 EUR Price reg.: 154,00 EUR per 100 ml from 7,70 EUR incl. 19 % Tax excl. Shipping costs Shipping time: 3-7 working days* Origin: Egypt Type of product: Essential oil from controlled organic crops Description: The bouquet of this oil is similar to the one of roses; warm and flowery. That is why the emotions are strongly touched. The fragrance is balancing, little sensual but stimulating at the same time. Note: These are volatile, highly concentrated oily substances obtained by different procedures e.g. water steam distillation or cold-pressing, from different plant elements. They are mostly clear and after having volatilized (except after cold-pressing) normally do not leave any visible traces. The products offered by Biofrid® are of high quality whose ingredients originate from controlled organic crops and contain 100% essential oil. Essential oils must be used very sparingly and consciously. They serve to fill room as well as improving the surrounding air with pleasant fragrance. Undiluted they must not come into contact with skin or mucous membranes, as this could cause irritation. Special caution must be exercised during pregnancy and the presence of children. Due to the numerous fragrances contained only one plant, genuine essential oils have very full bouquet to which great importance is attached regarding choice of the country of origin, and this is why the range is limited. In exceptional cases the supplier country is changed, e.g. where cases of supply shortage or crop failure could occur. Content: Pelargonium graveolens from leaves Customers who bought this product bought the following products: Didier® Skin Moisturising Cream with Germanium from 19,90 EUR incl. 19 % Tax excl. Shipping costs Didier® Evening Primrose Vitamin E Lotion from 10,60 EUR incl. 19 % Tax excl. Shipping costs Calendula Cream Biofrid from 6,90 EUR incl. 19 % Tax excl. Shipping costs Arginin-diet Biofrid from 11,90 EUR incl. 7 % Tax excl. Shipping costs Cinnamon, organic from 4,00 EUR incl. 19 % Tax excl. Shipping costs Citrus (lemon), organic from 6,50 EUR incl. 19 % Tax excl. Shipping costs Powered by First-Web * Gilt für Lieferungen Deutschland. Lieferzeiten für Länder Informationen Berechnung Liefertermins siehe </fragment> </item> <item> <fragment> Rosengeranienöl, kbA - Biofrid-Cosmetic GmbH &amp; Co. KG Herstellung Vertrieb diätetischen, kosmetischen pharmazeutischen Produkten » Startseite Login / Registrierung | Ihre persönliche Seite | Warenkorb | Kasse Suche Literatur Produkte Ätherische/fette Öle Kosmetik Nahrungsergänzung/erg.bil. Diät Liefer- Versandkosten Datenschutz Unsere AGB Impressum Kontakt Widerrufsrecht Widerrufsformular Newsletter Biofrid Cosmetic GmbH &amp; Co.KG Hasseler Steinweg 9 27318 Hoya Postfach 1355 27316 Hoya Telefon 04251 9352-396 Telefax 04251 9352-290 Social Bookmarks [&lt;&lt;Erstes] [&lt;zurück] [weiter&gt;] [Letztes&gt;&gt;] 120 Artikel Kategorie Rosengeranienöl, kbA Inhalt: 5 ml Art.Nr.: 93601 PZN: 6872037 Preis: 7,70 EUR PAngV: 154,00 EUR pro 100 ml Ab 7,70 EUR incl. 19 % UST exkl. Versandkosten Lieferzeit: 3-7 Werktage* Herkunft: Ägypten Art Produkts: Ätherisches Öl kontrolliert biologischem Anbau (kbA) Beschreibung: Der Duft Öls rosenähnlich, warm blumig. Deshalb Gefühl stark angesprochen. Die Duftnote ausgleichend, sinnlich, anregend. Hinweis: Unsere ätherischen fetten Öle kontrolliert biologischem Anbau (kbA) höchster Qualität. Es handelt flüchtige, hochkonzentrierte, ölige Substanzen, unterschiedlichen Herstellungsverfahren - Wasserdampfdestillation kalte Pressung - verschiedenen Pflanzenteilen gewonnen werden. Sie zumeist farblos hinterlassen Regel (außer Kaltpressung) sichtbaren Spuren, verflüchtigt haben. Diese ätherischen Öle 100% naturrein. Der Einsatz ätherischer Öle sparsam bewusst geschehen. Sie dienen Raumbeduftung Luftverbesserung. Sie dürfen unverdünnt Haut Schleimhäuten Kontakt gebracht werden, Reizungen führen können. In Schwangerschaft Kindern besondere Vorsicht geboten. Die angebotenen genuinen ätherischen Öle aufgrund Vielzahl einzigen Pflanze enthaltenen Duftstoffe umfassendes Bouquet. Darauf bezüglich Wahl Herkunftslandes Wert gelegt, Sortiment bewusst knapp gehalten. Aufgrund Lieferengpässen Ernteausfällen Ausnahmefällen Land gewechselt werden. Als Trägeröl bieten Jojobaöl an. Inhalt: Pelargonium graveolens Blättern Kunden, Artikel kauften, folgende Artikel gekauft: Didier® Hautcreme Germanium Ab 19,90 EUR incl. 19 % UST exkl. Versandkosten Didier® Nachtkerzen-Vitamin E Lotion Ab 10,60 EUR incl. 19 % UST exkl. Versandkosten Ringelblumen Creme Biofrid Ab 6,90 EUR incl. 19 % UST exkl. Versandkosten Arginin-diet Biofrid Ab 11,90 EUR incl. 7 % UST exkl. Versandkosten Zimtblätteröl, kbA Ab 4,00 EUR incl. 19 % UST exkl. Versandkosten Zitronenöl, kbA Ab 6,50 EUR incl. 19 % UST exkl. Versandkosten Powered by First-Web * Gilt für Lieferungen Deutschland. Lieferzeiten für Länder Informationen Berechnung Liefertermins siehe </fragment> </item> <item> <fragment> Rosemary (verbenon), organic - Biofrid-Cosmetic GmbH &amp; Co. KG Herstellung Vertrieb diätetischen, kosmetischen pharmazeutischen Produkten » Home Login / Register | Your account | Shopping Cart | Cash box Search Literature Products Cosmetics Dietary Supplement Essential/fatty oils Shipping &amp; Returns Privacy Notice General terms and conditions Imprint Contact Right of revocation Standard withdrawal form Newsletter Biofrid Cosmetic GmbH &amp; Co.KG Hasseler Steinweg 9 27318 Hoya Postfach 1355 27316 Hoya Telefon 04251 9352-396 Telefax 04251 9352-290 Social Bookmarks [&lt;&lt;First] [&lt;Back] [Next&gt;] [last&gt;&gt;] 120 Articles this categorie Rosemary (verbenon), organic Volume: 5 ml Product No.: 93651 PZN: 6872043 Price: 9,50 EUR Price reg.: 190,00 EUR per 100 ml from 9,50 EUR incl. 19 % Tax excl. Shipping costs Shipping time: 3-7 working days* Origin: France Type of product: Essential oil from controlled organic crops Description: A very spicy essential oil, it is obtained from the herbaceous surface parts of the plant. The fragrance is pure and fresh and has encouraging note to help improve concentration. Note: These are volatile, highly concentrated oily substances obtained by different procedures e.g. water steam distillation or cold-pressing, from different plant elements. They are mostly clear and after having volatilized (except after cold-pressing) normally do not leave any visible traces. The products offered by Biofrid® are of high quality whose ingredients originate from controlled organic crops and contain 100% essential oil. Essential oils must be used very sparingly and consciously. They serve to fill room as well as improving the surrounding air with pleasant fragrance. Undiluted they must not come into contact with skin or mucous membranes, as this could cause irritation. Special caution must be exercised during pregnancy and the presence of children. Due to the numerous fragrances contained only one plant, genuine essential oils have very full bouquet to which great importance is attached regarding choice of the country of origin, and this is why the range is limited. In exceptional cases the supplier country is changed, e.g. where cases of supply shortage or crop failure could occur. Content: Rosmarinus officinalis verbenon from leaves Customers who bought this product bought the following products: Palmarosa, organic from 5,90 EUR incl. 19 % Tax excl. Shipping costs Rose geranium, organic from 7,70 EUR incl. 19 % Tax excl. Shipping costs Thyme (linalol), organic from 11,40 EUR incl. 19 % Tax excl. Shipping costs Bergamotte, organic from 8,50 EUR incl. 19 % Tax excl. Shipping costs Arnica Cream Biofrid from 6,90 EUR incl. 19 % Tax excl. Shipping costs Calendula Cream Biofrid from 6,90 EUR incl. 19 % Tax excl. Shipping costs Powered by First-Web * Gilt für Lieferungen Deutschland. Lieferzeiten für Länder Informationen Berechnung Liefertermins siehe </fragment> </item> <item> <fragment> Rosmarinöl (verbenon), kbA - Biofrid-Cosmetic GmbH &amp; Co. KG Herstellung Vertrieb diätetischen, kosmetischen pharmazeutischen Produkten » Startseite Login / Registrierung | Ihre persönliche Seite | Warenkorb | Kasse Suche Literatur Produkte Ätherische/fette Öle Kosmetik Nahrungsergänzung/erg.bil. Diät Liefer- Versandkosten Datenschutz Unsere AGB Impressum Kontakt Widerrufsrecht Widerrufsformular Newsletter Biofrid Cosmetic GmbH &amp; Co.KG Hasseler Steinweg 9 27318 Hoya Postfach 1355 27316 Hoya Telefon 04251 9352-396 Telefax 04251 9352-290 Social Bookmarks [&lt;&lt;Erstes] [&lt;zurück] [weiter&gt;] [Letztes&gt;&gt;] 120 Artikel Kategorie Rosmarinöl (verbenon), kbA Inhalt: 5 ml Art.Nr.: 93651 PZN: 6872043 Preis: 9,50 EUR PAngV: 190,00 EUR pro 100 ml Ab 9,50 EUR incl. 19 % UST exkl. Versandkosten Lieferzeit: 3-7 Werktage* Herkunft: Frankreich Art Produkts: Ätherisches Öl kontrolliert biologischem Anbau (kbA) Beschreibung: Aus krautigen oberirdischen Pflanzenteilen würziges ätherisches Öl gewonnen. Der Duft klar frisch. Er ermunternde konzentrationsfördernde Note. Hinweis: Unsere ätherischen fetten Öle kontrolliert biologischem Anbau (kbA) höchster Qualität. Es handelt flüchtige, hochkonzentrierte, ölige Substanzen, unterschiedlichen Herstellungsverfahren - Wasserdampfdestillation kalte Pressung - verschiedenen Pflanzenteilen gewonnen werden. Sie zumeist farblos hinterlassen Regel (außer Kaltpressung) sichtbaren Spuren, verflüchtigt haben. Diese ätherischen Öle 100% naturrein. Der Einsatz ätherischer Öle sparsam bewusst geschehen. Sie dienen Raumbeduftung Luftverbesserung. Sie dürfen unverdünnt Haut Schleimhäuten Kontakt gebracht werden, Reizungen führen können. In Schwangerschaft Kindern besondere Vorsicht geboten. Die angebotenen genuinen ätherischen Öle aufgrund Vielzahl einzigen Pflanze enthaltenen Duftstoffe umfassendes Bouquet. Darauf bezüglich Wahl Herkunftslandes Wert gelegt, Sortiment bewusst knapp gehalten. Aufgrund Lieferengpässen Ernteausfällen Ausnahmefällen Land gewechselt werden. Als Trägeröl bieten Jojobaöl an. Inhalt: Rosmarinus officinalis verbenon Kraut Kunden, Artikel kauften, folgende Artikel gekauft: Palmarosaöl, kbA Ab 5,90 EUR incl. 19 % UST exkl. Versandkosten Rosengeranienöl, kbA Ab 7,70 EUR incl. 19 % UST exkl. Versandkosten Thymianöl (linalol), kbA Ab 11,40 EUR incl. 19 % UST exkl. Versandkosten Bergamotteöl, kbA Ab 8,50 EUR incl. 19 % UST exkl. Versandkosten Arnica Creme Biofrid Ab 6,90 EUR incl. 19 % UST exkl. Versandkosten Ringelblumen Creme Biofrid Ab 6,90 EUR incl. 19 % UST exkl. Versandkosten Powered by First-Web * Gilt für Lieferungen Deutschland. Lieferzeiten für Länder Informationen Berechnung Liefertermins siehe </fragment> </item> <item> <fragment> Tea tree, organic - Biofrid-Cosmetic GmbH &amp; Co. KG Herstellung Vertrieb diätetischen, kosmetischen pharmazeutischen Produkten » Home Login / Register | Your account | Shopping Cart | Cash box Search Literature Products Cosmetics Dietary Supplement Essential/fatty oils Shipping &amp; Returns Privacy Notice General terms and conditions Imprint Contact Right of revocation Standard withdrawal form Newsletter Biofrid Cosmetic GmbH &amp; Co.KG Hasseler Steinweg 9 27318 Hoya Postfach 1355 27316 Hoya Telefon 04251 9352-396 Telefax 04251 9352-290 Social Bookmarks [&lt;&lt;First] [&lt;Back] [Next&gt;] [last&gt;&gt;] 120 Articles this categorie Tea tree, organic Volume: 10 ml Product No.: 93702 PZN: 6872066 Price: 6,90 EUR Price reg.: 69,00 EUR per 100 ml Weight: 0.05 Kg from 6,90 EUR incl. 19 % Tax excl. Shipping costs Shipping time: 3-7 working days* Origin: Australia Type of product: Essential oil from controlled organic crops Description: Tea tree oil is very well known due to its typical strong, herbaceous spicy fragrance. It leaves pure refreshing feeling and stimulates concentration. Note: These are volatile, highly concentrated oily substances obtained by different procedures e.g. water steam distillation or cold-pressing, from different plant elements. They are mostly clear and after having volatilized (except after cold-pressing) normally do not leave any visible traces. The products offered by Biofrid® are of high quality whose ingredients originate from controlled organic crops and contain 100% essential oil. Essential oils must be used very sparingly and consciously. They serve to fill room as well as improving the surrounding air with pleasant fragrance. Undiluted they must not come into contact with skin or mucous membranes, as this could cause irritation. Special caution must be exercised during pregnancy and the presence of children. Due to the numerous fragrances contained only one plant, genuine essential oils have very full bouquet to which great importance is attached regarding choice of the country of origin, and this is why the range is limited. In exceptional cases the supplier country is changed, e.g. where cases of supply shortage or crop failure could occur. Content: Melaleuca alternifolia from leaves Customers who bought this product bought the following products: RMS Biofrid from 18,00 EUR incl. 7 % Tax excl. Shipping costs Jojoba, organic from 6,90 EUR incl. 19 % Tax excl. Shipping costs Didier® Bath Pearls with Germanium (bag) from 191,60 EUR incl. 19 % Tax excl. Shipping costs Didier® Skin Moisturising Cream with Germanium from 19,90 EUR incl. 19 % Tax excl. Shipping costs Mandarin (red), organic from 7,70 EUR incl. 19 % Tax excl. Shipping costs Peppermint, organic from 9,70 EUR incl. 19 % Tax excl. Shipping costs Powered by First-Web * Gilt für Lieferungen Deutschland. Lieferzeiten für Länder Informationen Berechnung Liefertermins siehe </fragment> </item> <item> <fragment> Teebaumöl, kbA - Biofrid-Cosmetic GmbH &amp; Co. KG Herstellung Vertrieb diätetischen, kosmetischen pharmazeutischen Produkten » Startseite Login / Registrierung | Ihre persönliche Seite | Warenkorb | Kasse Suche Literatur Produkte Ätherische/fette Öle Kosmetik Nahrungsergänzung/erg.bil. Diät Liefer- Versandkosten Datenschutz Unsere AGB Impressum Kontakt Widerrufsrecht Widerrufsformular Newsletter Biofrid Cosmetic GmbH &amp; Co.KG Hasseler Steinweg 9 27318 Hoya Postfach 1355 27316 Hoya Telefon 04251 9352-396 Telefax 04251 9352-290 Social Bookmarks [&lt;&lt;Erstes] [&lt;zurück] [weiter&gt;] [Letztes&gt;&gt;] 120 Artikel Kategorie Teebaumöl, kbA Inhalt: 10 ml Art.Nr.: 93702 PZN: 6872066 Preis: 6,90 EUR PAngV: 69,00 EUR pro 100 ml Gewicht: 0.05 Kg Ab 6,90 EUR incl. 19 % UST exkl. Versandkosten Lieferzeit: 3-7 Werktage* Herkunft: Australien Art Produkts: Ätherisches Öl kontrolliert biologischem Anbau (kbA) Beschreibung: Das Teebaumöl aufgrund typischen strengen, krautig-würzigen Duftes bekannt. Man empfindet erfrischende Klarheit, konzentriertem Denken anregt. Hinweis: Unsere ätherischen fetten Öle kontrolliert biologischem Anbau (kbA) höchster Qualität. Es handelt flüchtige, hochkonzentrierte, ölige Substanzen, unterschiedlichen Herstellungsverfahren - Wasserdampfdestillation kalte Pressung - verschiedenen Pflanzenteilen gewonnen werden. Sie zumeist farblos hinterlassen Regel (außer Kaltpressung) sichtbaren Spuren, verflüchtigt haben. Diese ätherischen Öle 100% naturrein. Der Einsatz ätherischer Öle sparsam bewusst geschehen. Sie dienen Raumbeduftung Luftverbesserung. Sie dürfen unverdünnt Haut Schleimhäuten Kontakt gebracht werden, Reizungen führen können. In Schwangerschaft Kindern besondere Vorsicht geboten. Die angebotenen genuinen ätherischen Öle aufgrund Vielzahl einzigen Pflanze enthaltenen Duftstoffe umfassendes Bouquet. Darauf bezüglich Wahl Herkunftslandes Wert gelegt, Sortiment bewusst knapp gehalten. Aufgrund Lieferengpässen Ernteausfällen Ausnahmefällen Land gewechselt werden. Als Trägeröl bieten Jojobaöl an. Inhalt: Melaleuca alternifolia Blättern Kunden, Artikel kauften, folgende Artikel gekauft: RMS Biofrid Ab 18,00 EUR incl. 7 % UST exkl. Versandkosten Jojobaöl, kbA Ab 6,90 EUR incl. 19 % UST exkl. Versandkosten Didier® Badeperlen Germanium (Beutel) Ab 191,60 EUR incl. 19 % UST exkl. Versandkosten Didier® Hautcreme Germanium Ab 19,90 EUR incl. 19 % UST exkl. Versandkosten Mandarinenöl (rot) kbA Ab 7,70 EUR incl. 19 % UST exkl. Versandkosten Pfefferminzöl, kbA Ab 9,70 EUR incl. 19 % UST exkl. Versandkosten Powered by First-Web * Gilt für Lieferungen Deutschland. Lieferzeiten für Länder Informationen Berechnung Liefertermins siehe </fragment> </item> <item> <fragment> Rosemary (verbenon), organic - Biofrid-Cosmetic GmbH &amp; Co. KG Herstellung Vertrieb diätetischen, kosmetischen pharmazeutischen Produkten » Home Login / Register | Your account | Shopping Cart | Cash box Search Literature Products Cosmetics Dietary Supplement Essential/fatty oils Shipping &amp; Returns Privacy Notice General terms and conditions Imprint Contact Right of revocation Standard withdrawal form Newsletter Biofrid Cosmetic GmbH &amp; Co.KG Hasseler Steinweg 9 27318 Hoya Postfach 1355 27316 Hoya Telefon 04251 9352-396 Telefax 04251 9352-290 Social Bookmarks [&lt;&lt;First] [&lt;Back] [Next&gt;] [last&gt;&gt;] 120 Articles this categorie Rosemary (verbenon), organic Volume: 5 ml Product No.: 93651 PZN: 6872043 Price: 9,50 EUR Price reg.: 190,00 EUR per 100 ml from 9,50 EUR incl. 19 % Tax excl. Shipping costs Shipping time: 3-7 working days* Origin: France Type of product: Essential oil from controlled organic crops Description: A very spicy essential oil, it is obtained from the herbaceous surface parts of the plant. The fragrance is pure and fresh and has encouraging note to help improve concentration. Note: These are volatile, highly concentrated oily substances obtained by different procedures e.g. water steam distillation or cold-pressing, from different plant elements. They are mostly clear and after having volatilized (except after cold-pressing) normally do not leave any visible traces. The products offered by Biofrid® are of high quality whose ingredients originate from controlled organic crops and contain 100% essential oil. Essential oils must be used very sparingly and consciously. They serve to fill room as well as improving the surrounding air with pleasant fragrance. Undiluted they must not come into contact with skin or mucous membranes, as this could cause irritation. Special caution must be exercised during pregnancy and the presence of children. Due to the numerous fragrances contained only one plant, genuine essential oils have very full bouquet to which great importance is attached regarding choice of the country of origin, and this is why the range is limited. In exceptional cases the supplier country is changed, e.g. where cases of supply shortage or crop failure could occur. Content: Rosmarinus officinalis verbenon from leaves Customers who bought this product bought the following products: Palmarosa, organic from 5,90 EUR incl. 19 % Tax excl. Shipping costs Rose geranium, organic from 7,70 EUR incl. 19 % Tax excl. Shipping costs Thyme (linalol), organic from 11,40 EUR incl. 19 % Tax excl. Shipping costs Bergamotte, organic from 8,50 EUR incl. 19 % Tax excl. Shipping costs Arnica Cream Biofrid from 6,90 EUR incl. 19 % Tax excl. Shipping costs Calendula Cream Biofrid from 6,90 EUR incl. 19 % Tax excl. Shipping costs Powered by First-Web * Gilt für Lieferungen Deutschland. Lieferzeiten für Länder Informationen Berechnung Liefertermins siehe </fragment> </item> <item> <fragment> Rosmarinöl (verbenon), kbA - Biofrid-Cosmetic GmbH &amp; Co. KG Herstellung Vertrieb diätetischen, kosmetischen pharmazeutischen Produkten » Startseite Login / Registrierung | Ihre persönliche Seite | Warenkorb | Kasse Suche Literatur Produkte Ätherische/fette Öle Kosmetik Nahrungsergänzung/erg.bil. Diät Liefer- Versandkosten Datenschutz Unsere AGB Impressum Kontakt Widerrufsrecht Widerrufsformular Newsletter Biofrid Cosmetic GmbH &amp; Co.KG Hasseler Steinweg 9 27318 Hoya Postfach 1355 27316 Hoya Telefon 04251 9352-396 Telefax 04251 9352-290 Social Bookmarks [&lt;&lt;Erstes] [&lt;zurück] [weiter&gt;] [Letztes&gt;&gt;] 120 Artikel Kategorie Rosmarinöl (verbenon), kbA Inhalt: 5 ml Art.Nr.: 93651 PZN: 6872043 Preis: 9,50 EUR PAngV: 190,00 EUR pro 100 ml Ab 9,50 EUR incl. 19 % UST exkl. Versandkosten Lieferzeit: 3-7 Werktage* Herkunft: Frankreich Art Produkts: Ätherisches Öl kontrolliert biologischem Anbau (kbA) Beschreibung: Aus krautigen oberirdischen Pflanzenteilen würziges ätherisches Öl gewonnen. Der Duft klar frisch. Er ermunternde konzentrationsfördernde Note. Hinweis: Unsere ätherischen fetten Öle kontrolliert biologischem Anbau (kbA) höchster Qualität. Es handelt flüchtige, hochkonzentrierte, ölige Substanzen, unterschiedlichen Herstellungsverfahren - Wasserdampfdestillation kalte Pressung - verschiedenen Pflanzenteilen gewonnen werden. Sie zumeist farblos hinterlassen Regel (außer Kaltpressung) sichtbaren Spuren, verflüchtigt haben. Diese ätherischen Öle 100% naturrein. Der Einsatz ätherischer Öle sparsam bewusst geschehen. Sie dienen Raumbeduftung Luftverbesserung. Sie dürfen unverdünnt Haut Schleimhäuten Kontakt gebracht werden, Reizungen führen können. In Schwangerschaft Kindern besondere Vorsicht geboten. Die angebotenen genuinen ätherischen Öle aufgrund Vielzahl einzigen Pflanze enthaltenen Duftstoffe umfassendes Bouquet. Darauf bezüglich Wahl Herkunftslandes Wert gelegt, Sortiment bewusst knapp gehalten. Aufgrund Lieferengpässen Ernteausfällen Ausnahmefällen Land gewechselt werden. Als Trägeröl bieten Jojobaöl an. Inhalt: Rosmarinus officinalis verbenon Kraut Kunden, Artikel kauften, folgende Artikel gekauft: Palmarosaöl, kbA Ab 5,90 EUR incl. 19 % UST exkl. Versandkosten Rosengeranienöl, kbA Ab 7,70 EUR incl. 19 % UST exkl. Versandkosten Thymianöl (linalol), kbA Ab 11,40 EUR incl. 19 % UST exkl. Versandkosten Bergamotteöl, kbA Ab 8,50 EUR incl. 19 % UST exkl. Versandkosten Arnica Creme Biofrid Ab 6,90 EUR incl. 19 % UST exkl. Versandkosten Ringelblumen Creme Biofrid Ab 6,90 EUR incl. 19 % UST exkl. Versandkosten Powered by First-Web * Gilt für Lieferungen Deutschland. Lieferzeiten für Länder Informationen Berechnung Liefertermins siehe </fragment> </item> <item> <fragment> Teebaumöl, konv. Anbau - Biofrid-Cosmetic GmbH &amp; Co. KG Herstellung Vertrieb diätetischen, kosmetischen pharmazeutischen Produkten » Startseite Login / Registrierung | Ihre persönliche Seite | Warenkorb | Kasse Suche Literatur Produkte Ätherische/fette Öle Kosmetik Nahrungsergänzung/erg.bil. Diät Liefer- Versandkosten Datenschutz Unsere AGB Impressum Kontakt Widerrufsrecht Widerrufsformular Newsletter Biofrid Cosmetic GmbH &amp; Co.KG Hasseler Steinweg 9 27318 Hoya Postfach 1355 27316 Hoya Telefon 04251 9352-396 Telefax 04251 9352-290 Social Bookmarks [&lt;&lt;Erstes] [&lt;zurück] [weiter&gt;] [Letztes&gt;&gt;] 120 Artikel Kategorie Teebaumöl, konv. Anbau Inhalt: 10 ml Art.Nr.: 5210 PZN: 7567537 Preis: 3,90 EUR PAngV: 39,00 EUR pro 100 ml Gewicht: 0.05 Kg 50 ml Art.Nr.: 5220 PZN: 7567543 Preis: 13,70 EUR PAngV: 27,40 EUR pro 100 ml Gewicht: 0.12 Kg Ab 3,90 EUR incl. 19 % UST exkl. Versandkosten Lieferzeit: 3-7 Werktage* Herkunft: Australien Art Produkts: Ätherisches Öl konventionellem Anbau Beschreibung: Unser Teebaumöl 100% naturreines, vielseitig einsetzbares ätherisches Öl hautpflegenden belebenden Eigenschaften. Bei Auswahl Teebaumöl Wesentlichen Substanzen beachten, nämlich Terpinen Cineol. Terpinen, Kohlenstoff-Verbindung, für pflegende Wirkung Haut verantwortlich. Daher qualitativ hochwertiges Teebaumöl mindestens 30% (+)- Terpinen-4-ol enthalten. Unser Teebaumöl enthält sogar 39% wertvollen Stoffes. Cineol (auch Eukalyptol genannt) ätherische Substanz, Blättern Eukalyptusbaumes finden ist. Cineol sorgt Erkältungskrankheiten für Linderung, reizt höheren Konzentrationen Haut Schleimhäute. Aus Grund hochwertiges Teebaumöl maximal 5% Cineol enthalten. Unser Teebaumöl enthält 2% Cineol. Powered by First-Web * Gilt für Lieferungen Deutschland. Lieferzeiten für Länder Informationen Berechnung Liefertermins siehe </fragment> </item> <item> <fragment> Zink-diet Biofrid - Biofrid-Cosmetic GmbH &amp; Co. KG Herstellung Vertrieb diätetischen, kosmetischen pharmazeutischen Produkten » Startseite Login / Registrierung | Ihre persönliche Seite | Warenkorb | Kasse Suche Literatur Produkte Ätherische/fette Öle Kosmetik Nahrungsergänzung/erg.bil. Diät Liefer- Versandkosten Datenschutz Unsere AGB Impressum Kontakt Widerrufsrecht Widerrufsformular Newsletter Biofrid Cosmetic GmbH &amp; Co.KG Hasseler Steinweg 9 27318 Hoya Postfach 1355 27316 Hoya Telefon 04251 9352-396 Telefax 04251 9352-290 Social Bookmarks [weiter&gt;] [Letztes&gt;&gt;] 120 Artikel Kategorie Zink-diet Biofrid 100er 40er Inhalt: 40 Kapseln Art.Nr.: 94802 PZN: 09192610 Preis: 9,00 EUR PAngV: 76,27 EUR pro 100 Gramm Gewicht: 0.04 Kg 100 Kapseln Art.Nr.: 94807 PZN: 09192627 Preis: 15,50 EUR PAngV: 52,54 EUR pro 100 Gramm Gewicht: 0.07 Kg Ab 9,00 EUR incl. 7 % UST exkl. Versandkosten Lieferzeit: 3-7 Werktage* Diätetisches Lebensmittel für besondere medizinische Zwecke (bilanzierte Diät) Zutaten: Füllstoff Cellulose, Überzugsmittel Hydroxypropylmethylcellulose, Zinkgluconat, Trennmittel Magnesiumsalze Speisefettsäuren Füllmenge: 11,8 (40 Kapseln) entsprechen 20 Tagesdosen á 2 Kapseln 29,5 (100 Kapseln) entsprechen 50 Tagesdosen á 2 Kapseln Verzehrempfehlung: 2 mal täglich 1 Kapsel Mahlzeit verzehren Zweckbestimmung Zur diätetischen Behandlung entzündlichen allergischen Hauterkrankungen (z.B. Neurodermitis) Haarausfall (z.B. Alopecia areata) Zufuhr Zink. Hinweis Zink für normale Entwicklung Funktion Haut Hautanhangsgebilde zentraler Bedeutung. Das Spurenelement Zink Bestandteil zahlreicher lebensnotwendiger Enzyme für Funktion Hormone benötigt. Zink Körper hergestellt gespeichert werden. Es über gesunde ausgewogene Ernährung zugeführt werden. Ein Mangel Zink Störungen Hautstoffwechsels Bildung Haaren Nägeln führen. Im Körper wirkt Zink Antioxidans schützt freien Radikalen. In Zinkgluconat Zink organisch gebunden Körper aufgenommen werden. Zink-diet für Erwachsene bestimmt ergänzende bilanzierte Diät ärztlicher Aufsicht verwendet werden. Da Erfahrungen Schwangeren stillenden Frauen vorliegen, Personengruppe Verzehr Zink-diet abzuraten. Zink-diet schweren Schäden Nierenparenchyms akutem Nierenversagen anzuwenden. Dieses diätetische Lebensmittel Ersatz für abwechslungsreiche ausgewogene Ernährung gesunde Lebensweise. Die angegebene Tagesdosis überschreiten. Für Kinder unzugänglich aufbewahren. Nährstofftabelle: Nährstoff pro (100 g) pro Portion (1 Kapseln) pro Tag (2 Kapseln) Zink 2,5 7,5 mg 15,0 mg Nährwerttabelle Brennwert 24,8 kJ/ 6,0 kcal 0,1 kJ/ Fett 0,7 * gesättigte Fettsäuren 0,7 Kohlenhydrate 0 0 0 * Zucker 0 0 0 Eiweiß 0 0 0 Salz 0 0 0 Allergene enthalten Hersteller: Sanum-Kehlbeck GmbH &amp; Co. KG, Hasseler Steinweg 9, 27318 Hoya Kunden, Artikel kauften, folgende Artikel gekauft: Nachtkerzenöl Kapseln Ab 10,20 EUR incl. 7 % UST exkl. Versandkosten Didier® Nachtkerzen-Vitamin E-Creme Ab 7,50 EUR incl. 19 % UST exkl. Versandkosten Didier® Nachtkerzen-Vitamin E Lotion Ab 10,60 EUR incl. 19 % UST exkl. Versandkosten Didier® Hautcreme Germanium Ab 19,90 EUR incl. 19 % UST exkl. Versandkosten Palmarosaöl, kbA Ab 5,90 EUR incl. 19 % UST exkl. Versandkosten Cajeputöl, kbA Ab 6,90 EUR incl. 19 % UST exkl. Versandkosten Powered by First-Web * Gilt für Lieferungen Deutschland. Lieferzeiten für Länder Informationen Berechnung Liefertermins siehe </fragment> </item> <item> <fragment> Peppermint, organic - Biofrid-Cosmetic GmbH &amp; Co. KG Herstellung Vertrieb diätetischen, kosmetischen pharmazeutischen Produkten » Home Login / Register | Your account | Shopping Cart | Cash box Search Literature Products Cosmetics Dietary Supplement Essential/fatty oils Shipping &amp; Returns Privacy Notice General terms and conditions Imprint Contact Right of revocation Standard withdrawal form Newsletter Biofrid Cosmetic GmbH &amp; Co.KG Hasseler Steinweg 9 27318 Hoya Postfach 1355 27316 Hoya Telefon 04251 9352-396 Telefax 04251 9352-290 Social Bookmarks [&lt;&lt;First] [&lt;Back] [Next&gt;] [last&gt;&gt;] 120 Articles this categorie Peppermint, organic Volume: 10 ml Product No.: 93552 PZN: 6872020 Price: 9,70 EUR Price reg.: 97,00 EUR per 100 ml from 9,70 EUR incl. 19 % Tax excl. Shipping costs Shipping time: 3-7 working days* Origin: India Type of product: Essential oil from controlled organic crops Description: Everybody knows the fresh, clear and cooling fragrance of peppermint. It has strong top note and gives us the impression of stimulating clarity. The air seems to be purified by the fragrance, making us feel activated. Note: These are volatile, highly concentrated oily substances obtained by different procedures e.g. water steam distillation or cold-pressing, from different plant elements. They are mostly clear and after having volatilized (except after cold-pressing) normally do not leave any visible traces. The products offered by Biofrid® are of high quality whose ingredients originate from controlled organic crops and contain 100% essential oil. Essential oils must be used very sparingly and consciously. They serve to fill room as well as improving the surrounding air with pleasant fragrance. Undiluted they must not come into contact with skin or mucous membranes, as this could cause irritation. Special caution must be exercised during pregnancy and the presence of children. Due to the numerous fragrances contained only one plant, genuine essential oils have very full bouquet to which great importance is attached regarding choice of the country of origin, and this is why the range is limited. In exceptional cases the supplier country is changed, e.g. where cases of supply shortage or crop failure could occur. Content: Mentha piperita from leaves Customers who bought this product bought the following products: Thyme (linalol), organic from 11,40 EUR incl. 19 % Tax excl. Shipping costs Niaouli, organic from 7,00 EUR incl. 19 % Tax excl. Shipping costs Tea tree, organic from 6,90 EUR incl. 19 % Tax excl. Shipping costs Bergamotte, organic from 8,50 EUR incl. 19 % Tax excl. Shipping costs Cajeput, organic from 6,90 EUR incl. 19 % Tax excl. Shipping costs Palmarosa, organic from 5,90 EUR incl. 19 % Tax excl. Shipping costs Powered by First-Web * Gilt für Lieferungen Deutschland. Lieferzeiten für Länder Informationen Berechnung Liefertermins siehe </fragment> </item> <item> <fragment> Pfefferminzöl, kbA - Biofrid-Cosmetic GmbH &amp; Co. KG Herstellung Vertrieb diätetischen, kosmetischen pharmazeutischen Produkten » Startseite Login / Registrierung | Ihre persönliche Seite | Warenkorb | Kasse Suche Literatur Produkte Ätherische/fette Öle Kosmetik Nahrungsergänzung/erg.bil. Diät Liefer- Versandkosten Datenschutz Unsere AGB Impressum Kontakt Widerrufsrecht Widerrufsformular Newsletter Biofrid Cosmetic GmbH &amp; Co.KG Hasseler Steinweg 9 27318 Hoya Postfach 1355 27316 Hoya Telefon 04251 9352-396 Telefax 04251 9352-290 Social Bookmarks [&lt;&lt;Erstes] [&lt;zurück] [weiter&gt;] [Letztes&gt;&gt;] 120 Artikel Kategorie Pfefferminzöl, kbA Inhalt: 10 ml Art.Nr.: 93552 PZN: 6872020 Preis: 9,70 EUR PAngV: 97,00 EUR pro 100 ml Ab 9,70 EUR incl. 19 % UST exkl. Versandkosten Lieferzeit: 3-7 Werktage* Herkunft: Indien Art Produkts: Ätherisches Öl kontrolliert biologischem Anbau (kbA) Beschreibung: Jeder kennt frischen, klaren kühlenden Duft Pfefferminze. Er starke Kopfnote Eindruck anregenden Klarheit für Denken. Die Luft erscheint gereinigt Duft, aktiviert werden. Hinweis: Unsere ätherischen fetten Öle kontrolliert biologischem Anbau (kbA) höchster Qualität. Es handelt flüchtige, hochkonzentrierte, ölige Substanzen, unterschiedlichen Herstellungsverfahren - Wasserdampfdestillation kalte Pressung - verschiedenen Pflanzenteilen gewonnen werden. Sie zumeist farblos hinterlassen Regel (außer Kaltpressung) sichtbaren Spuren, verflüchtigt haben. Diese ätherischen Öle 100% naturrein. Der Einsatz ätherischer Öle sparsam bewusst geschehen. Sie dienen Raumbeduftung Luftverbesserung. Sie dürfen unverdünnt Haut Schleimhäuten Kontakt gebracht werden, Reizungen führen können. In Schwangerschaft Kindern besondere Vorsicht geboten. Die angebotenen genuinen ätherischen Öle aufgrund Vielzahl einzigen Pflanze enthaltenen Duftstoffe umfassendes Bouquet. Darauf bezüglich Wahl Herkunftslandes Wert gelegt, Sortiment bewusst knapp gehalten. Aufgrund Lieferengpässen Ernteausfällen Ausnahmefällen Land gewechselt werden. Als Trägeröl bieten Jojobaöl an. Inhalt: Mentha piperita Kraut Kunden, Artikel kauften, folgende Artikel gekauft: Thymianöl (linalol), kbA Ab 11,40 EUR incl. 19 % UST exkl. Versandkosten Niaouliöl, kbA Ab 7,00 EUR incl. 19 % UST exkl. Versandkosten Teebaumöl, kbA Ab 6,90 EUR incl. 19 % UST exkl. Versandkosten Bergamotteöl, kbA Ab 8,50 EUR incl. 19 % UST exkl. Versandkosten Cajeputöl, kbA Ab 6,90 EUR incl. 19 % UST exkl. Versandkosten Palmarosaöl, kbA Ab 5,90 EUR incl. 19 % UST exkl. Versandkosten Powered by First-Web * Gilt für Lieferungen Deutschland. Lieferzeiten für Länder Informationen Berechnung Liefertermins siehe </fragment> </item> <item> <fragment> Thyme (linalol), organic - Biofrid-Cosmetic GmbH &amp; Co. KG Herstellung Vertrieb diätetischen, kosmetischen pharmazeutischen Produkten » Home Login / Register | Your account | Shopping Cart | Cash box Search Literature Products Cosmetics Dietary Supplement Essential/fatty oils Shipping &amp; Returns Privacy Notice General terms and conditions Imprint Contact Right of revocation Standard withdrawal form Newsletter Biofrid Cosmetic GmbH &amp; Co.KG Hasseler Steinweg 9 27318 Hoya Postfach 1355 27316 Hoya Telefon 04251 9352-396 Telefax 04251 9352-290 Social Bookmarks [&lt;&lt;First] [&lt;Back] [Next&gt;] [last&gt;&gt;] 120 Articles this categorie Thyme (linalol), organic Volume: 5 ml Product No.: 93751 PZN: 6872103 Price: 11,40 EUR per piece Price reg.: 228,00 EUR per Weight: 0.05 Kg from 11,40 EUR incl. 19 % Tax excl. Shipping costs Shipping time: 3-7 working days* Origin: France Type of product: Essential oil from controlled organic crops Description: The essential oil of thyme has broad bouquet, ranging from fresh, tangy-sweet to mild, like lemon. After introducing this fragrance into room, it makes one feel that the air has been purified, inducing stimulation and motivation. Note: These are volatile, highly concentrated oily substances obtained by different procedures e.g. water steam distillation or cold-pressing, from different plant elements. They are mostly clear and after having volatilized (except after cold-pressing) normally do not leave any visible traces. The products offered by Biofrid® are of high quality whose ingredients originate from controlled organic crops and contain 100% essential oil. Essential oils must be used very sparingly and consciously. They serve to fill room as well as improving the surrounding air with pleasant fragrance. Undiluted they must not come into contact with skin or mucous membranes, as this could cause irritation. Special caution must be exercised during pregnancy and the presence of children. Due to the numerous fragrances contained only one plant, genuine essential oils have very full bouquet to which great importance is attached regarding choice of the country of origin, and this is why the range is limited. In exceptional cases the supplier country is changed, e.g. where cases of supply shortage or crop failure could occur. Content: Thymus vulgaris linalol from leaves Customers who bought this product bought the following products: Zinc-diet Biofrid from 9,00 EUR incl. 7 % Tax excl. Shipping costs Didier® Skin Moisturising Cream with Germanium from 19,90 EUR incl. 19 % Tax excl. Shipping costs Didier® Evening Primrose Vitamin E Lotion from 10,60 EUR incl. 19 % Tax excl. Shipping costs Didier® Evening Primrose Vitamin E Creme from 7,50 EUR incl. 19 % Tax excl. Shipping costs Propolis Cream Biofrid from 6,90 EUR incl. 19 % Tax excl. Shipping costs Calendula Cream Biofrid from 6,90 EUR incl. 19 % Tax excl. Shipping costs Powered by First-Web * Gilt für Lieferungen Deutschland. Lieferzeiten für Länder Informationen Berechnung Liefertermins siehe </fragment> </item> <item> <fragment> Thymianöl (linalol), kbA - Biofrid-Cosmetic GmbH &amp; Co. KG Herstellung Vertrieb diätetischen, kosmetischen pharmazeutischen Produkten » Startseite Login / Registrierung | Ihre persönliche Seite | Warenkorb | Kasse Suche Literatur Produkte Ätherische/fette Öle Kosmetik Nahrungsergänzung/erg.bil. Diät Liefer- Versandkosten Datenschutz Unsere AGB Impressum Kontakt Widerrufsrecht Widerrufsformular Newsletter Biofrid Cosmetic GmbH &amp; Co.KG Hasseler Steinweg 9 27318 Hoya Postfach 1355 27316 Hoya Telefon 04251 9352-396 Telefax 04251 9352-290 Social Bookmarks [&lt;&lt;Erstes] [&lt;zurück] [weiter&gt;] [Letztes&gt;&gt;] 120 Artikel Kategorie Thymianöl (linalol), kbA Inhalt: 5 ml Art.Nr.: 93751 PZN: 6872103 Preis: 11,40 EUR pro Stück PAngV: 228,00 EUR pro Gewicht: 0.05 Kg Ab 11,40 EUR incl. 19 % UST exkl. Versandkosten Lieferzeit: 3-7 Werktage* Herkunft: Frankreich Art Produkts: Ätherisches Öl kontrolliert biologischem Anbau (kbA) Beschreibung: Das ätherische Öl Thymians breites Bouquet Duftnoten, frisch, herb-süß mild reichen Zitrone erinnern. Nach Raumbeduftung erscheint Luft gereinigt, fühlen angeregt motiviert. Hinweis: Unsere ätherischen fetten Öle kontrolliert biologischem Anbau (kbA) höchster Qualität. Es handelt flüchtige, hochkonzentrierte, ölige Substanzen, unterschiedlichen Herstellungsverfahren - Wasserdampfdestillation kalte Pressung - verschiedenen Pflanzenteilen gewonnen werden. Sie zumeist farblos hinterlassen Regel (außer Kaltpressung) sichtbaren Spuren, verflüchtigt haben. Diese ätherischen Öle 100% naturrein. Der Einsatz ätherischer Öle sparsam bewusst geschehen. Sie dienen Raumbeduftung Luftverbesserung. Sie dürfen unverdünnt Haut Schleimhäuten Kontakt gebracht werden, Reizungen führen können. In Schwangerschaft Kindern besondere Vorsicht geboten. Die angebotenen genuinen ätherischen Öle aufgrund Vielzahl einzigen Pflanze enthaltenen Duftstoffe umfassendes Bouquet. Darauf bezüglich Wahl Herkunftslandes Wert gelegt, Sortiment bewusst knapp gehalten. Aufgrund Lieferengpässen Ernteausfällen Ausnahmefällen Land gewechselt werden. Als Trägeröl bieten Jojobaöl an. Inhalt: Thymus vulgaris linalol Kraut Kunden, Artikel kauften, folgende Artikel gekauft: Zink-diet Biofrid Ab 9,00 EUR incl. 7 % UST exkl. Versandkosten Didier® Hautcreme Germanium Ab 19,90 EUR incl. 19 % UST exkl. Versandkosten Didier® Nachtkerzen-Vitamin E Lotion Ab 10,60 EUR incl. 19 % UST exkl. Versandkosten Didier® Nachtkerzen-Vitamin E-Creme Ab 7,50 EUR incl. 19 % UST exkl. Versandkosten Propolis Creme Biofrid Ab 6,90 EUR incl. 19 % UST exkl. Versandkosten Ringelblumen Creme Biofrid Ab 6,90 EUR incl. 19 % UST exkl. Versandkosten Powered by First-Web * Gilt für Lieferungen Deutschland. Lieferzeiten für Länder Informationen Berechnung Liefertermins siehe </fragment> </item> <item> <fragment> Cedar, organic - Biofrid-Cosmetic GmbH &amp; Co. KG Herstellung Vertrieb diätetischen, kosmetischen pharmazeutischen Produkten » Home Login / Register | Your account | Shopping Cart | Cash box Search Literature Products Cosmetics Dietary Supplement Essential/fatty oils Shipping &amp; Returns Privacy Notice General terms and conditions Imprint Contact Right of revocation Standard withdrawal form Newsletter Biofrid Cosmetic GmbH &amp; Co.KG Hasseler Steinweg 9 27318 Hoya Postfach 1355 27316 Hoya Telefon 04251 9352-396 Telefax 04251 9352-290 Social Bookmarks [&lt;&lt;First] [&lt;Back] [Next&gt;] [last&gt;&gt;] 120 Articles this categorie Cedar, organic Volume: 10 ml Product No.: 93802 PZN: 6872215 Price: 8,50 EUR Price reg.: 85,00 EUR per 100 ml Weight: 0.05 Kg from 8,50 EUR incl. 19 % Tax excl. Shipping costs Shipping time: 3-7 working days* Origin: Morocco Type of product: Essential oil from controlled organic crops Description: The wood from which the essential oil is obtained leaves strong traces the fragrance of the oil. It is woody, balmy and warm. When placed room, the fragrance provides balancing and stabilizing atmosphere, giving feeling of calm and warmth. Note: These are volatile, highly concentrated oily substances obtained by different procedures e.g. water steam distillation or cold-pressing, from different plant elements. They are mostly clear and after having volatilized (except after cold-pressing) normally do not leave any visible traces. The products offered by Biofrid® are of high quality whose ingredients originate from controlled organic crops and contain 100% essential oil. Essential oils must be used very sparingly and consciously. They serve to fill room as well as improving the surrounding air with pleasant fragrance. Undiluted they must not come into contact with skin or mucous membranes, as this could cause irritation. Special caution must be exercised during pregnancy and the presence of children. Due to the numerous fragrances contained only one plant, genuine essential oils have very full bouquet to which great importance is attached regarding choice of the country of origin, and this is why the range is limited. In exceptional cases the supplier country is changed, e.g. where cases of supply shortage or crop failure could occur. Content: Cedrus atlatica from wood Customers who bought this product bought the following products: RMS Biofrid from 18,00 EUR incl. 7 % Tax excl. Shipping costs Didier® Skin Moisturising Cream with Germanium from 19,90 EUR incl. 19 % Tax excl. Shipping costs Arginin-diet Biofrid from 11,90 EUR incl. 7 % Tax excl. Shipping costs Palmarosa, organic from 5,90 EUR incl. 19 % Tax excl. Shipping costs Didier® Bath Pearls with Germanium (bag) from 191,60 EUR incl. 19 % Tax excl. Shipping costs Didier® Bath Pearls with Germanium from 19,90 EUR incl. 19 % Tax excl. Shipping costs Powered by First-Web * Gilt für Lieferungen Deutschland. Lieferzeiten für Länder Informationen Berechnung Liefertermins siehe </fragment> </item> <item> <fragment> Zedernöl, kbA - Biofrid-Cosmetic GmbH &amp; Co. KG Herstellung Vertrieb diätetischen, kosmetischen pharmazeutischen Produkten » Startseite Login / Registrierung | Ihre persönliche Seite | Warenkorb | Kasse Suche Literatur Produkte Ätherische/fette Öle Kosmetik Nahrungsergänzung/erg.bil. Diät Liefer- Versandkosten Datenschutz Unsere AGB Impressum Kontakt Widerrufsrecht Widerrufsformular Newsletter Biofrid Cosmetic GmbH &amp; Co.KG Hasseler Steinweg 9 27318 Hoya Postfach 1355 27316 Hoya Telefon 04251 9352-396 Telefax 04251 9352-290 Social Bookmarks [&lt;&lt;Erstes] [&lt;zurück] [weiter&gt;] [Letztes&gt;&gt;] 120 Artikel Kategorie Zedernöl, kbA Inhalt: 10 ml Art.Nr.: 93802 PZN: 6872215 Preis: 8,50 EUR PAngV: 85,00 EUR pro 100 ml Gewicht: 0.05 Kg Ab 8,50 EUR incl. 19 % UST exkl. Versandkosten Lieferzeit: 3-7 Werktage* Herkunft: Marokko Art Produkts: Ätherisches Öl kontrolliert biologischem Anbau (kbA) Beschreibung: Das Holz, ätherische Öl gewonnen wird, hinterlässt starke Spuren Duft Öles. Er holzig, balsamisch warm. Bei Raumbeduftung schafft ausgleichende stabilisierende Atmosphäre, Gefühl Ruhe Geborgenheit aufkommt. Hinweis: Unsere ätherischen fetten Öle kontrolliert biologischem Anbau (kbA) höchster Qualität. Es handelt flüchtige, hochkonzentrierte, ölige Substanzen, unterschiedlichen Herstellungsverfahren - Wasserdampfdestillation kalte Pressung - verschiedenen Pflanzenteilen gewonnen werden. Sie zumeist farblos hinterlassen Regel (außer Kaltpressung) sichtbaren Spuren, verflüchtigt haben. Diese ätherischen Öle 100% naturrein. Der Einsatz ätherischer Öle sparsam bewusst geschehen. Sie dienen Raumbeduftung Luftverbesserung. Sie dürfen unverdünnt Haut Schleimhäuten Kontakt gebracht werden, Reizungen führen können. In Schwangerschaft Kindern besondere Vorsicht geboten. Die angebotenen genuinen ätherischen Öle aufgrund Vielzahl einzigen Pflanze enthaltenen Duftstoffe umfassendes Bouquet. Darauf bezüglich Wahl Herkunftslandes Wert gelegt, Sortiment bewusst knapp gehalten. Aufgrund Lieferengpässen Ernteausfällen Ausnahmefällen Land gewechselt werden. Als Trägeröl bieten Jojobaöl an. Inhalt: Cedrus atlantica Holz Kunden, Artikel kauften, folgende Artikel gekauft: RMS Biofrid Ab 18,00 EUR incl. 7 % UST exkl. Versandkosten Didier® Hautcreme Germanium Ab 19,90 EUR incl. 19 % UST exkl. Versandkosten Arginin-diet Biofrid Ab 11,90 EUR incl. 7 % UST exkl. Versandkosten Palmarosaöl, kbA Ab 5,90 EUR incl. 19 % UST exkl. Versandkosten Didier® Badeperlen Germanium (Beutel) Ab 191,60 EUR incl. 19 % UST exkl. Versandkosten Didier® Badeperlen Germanium Ab 19,90 EUR incl. 19 % UST exkl. Versandkosten Powered by First-Web * Gilt für Lieferungen Deutschland. Lieferzeiten für Länder Informationen Berechnung Liefertermins siehe </fragment> </item> <item> <fragment> Didier® Badeperlen Germanium (Beutel) - Biofrid-Cosmetic GmbH &amp; Co. KG Herstellung Vertrieb diätetischen, kosmetischen pharmazeutischen Produkten » Startseite Login / Registrierung | Ihre persönliche Seite | Warenkorb | Kasse Suche Literatur Produkte Ätherische/fette Öle Kosmetik Nahrungsergänzung/erg.bil. Diät Liefer- Versandkosten Datenschutz Unsere AGB Impressum Kontakt Widerrufsrecht Widerrufsformular Newsletter Biofrid Cosmetic GmbH &amp; Co.KG Hasseler Steinweg 9 27318 Hoya Postfach 1355 27316 Hoya Telefon 04251 9352-396 Telefax 04251 9352-290 Social Bookmarks [weiter&gt;] [Letztes&gt;&gt;] 120 Artikel Kategorie Didier® Badeperlen Germanium (Beutel) Inhalt: 200 Perlen Art.Nr.: 27535200 Preis: 191,60 EUR PAngV: 0,96 EUR pro Stück Gewicht: 0.9 Kg Ab 191,60 EUR incl. 19 % UST exkl. Versandkosten Lieferzeit: 3-7 Werktage* Art Produkts: Badeperlen Beschreibung: Entspannung Pflege einem. Didier® Badeperlen Germanium für Hauttyp verträglich. Didier® Badeperlen Germanium ausgewählten Inhaltsstoffen hochwertige Pflege für Ihre Haut, wohltuende Art nachhaltig angeregt belebt. Sanumgerman gehört wichtigsten Bestandteilen ausgewogenen pflegenden Komposition, erstmalig Firmengruppe patentiert wurde. Die wohltuenden Inhaltsstoffe Didier® Badeperlen Germanium verteilen Auflösen Kapseln angenehm Hautfläche. Das Zusammenspiel wohlig warmen Bades Didier® Badeperlen Germanium führt entspannenden nachhaltig hautpflegenden Wirkung. Germanium Badeperlen wahre "Perlen", die, regelmäßig angewendet, beitragen, Spannkraft Frische wiederzugewinnen bewahren. Anwendung: 1x wöchentlich Vollbad 1–2 Didier® Badeperlen Hinweis: Zur Steigerung pflegenden Wirkung empfehlen zusätzlich Verwendung Didier® Hautcreme Germanium . Inhalt: 100 / 200 Badeperlen Beutel Inhaltsstoffe: Isopropyl Myristate, Gelatin, Parfum, Silica, Glycerin, Germanium-Citrate-Lactate Powder, Linalool, Limonene, Hexyl Cinnamal, Citronellol, Cinnamyl Alcohol, Eugenol, Alpha-Isomethyl Ionone, Hydroxyisohexyl 3-Cyclohexene Carboxaldehyde, Ethylparaben, Propylparaben, Denatonium Benzoate, CI 77492 Kunden, Artikel kauften, folgende Artikel gekauft: Didier® Nachtkerzen-Vitamin E Lotion Ab 10,60 EUR incl. 19 % UST exkl. Versandkosten Teebaumöl, kbA Ab 6,90 EUR incl. 19 % UST exkl. Versandkosten Zedernöl, kbA Ab 8,50 EUR incl. 19 % UST exkl. Versandkosten Didier® Badeperlen Germanium Ab 19,90 EUR incl. 19 % UST exkl. Versandkosten Zimtblätteröl, kbA Ab 4,00 EUR incl. 19 % UST exkl. Versandkosten Didier® Hautcreme Germanium Ab 19,90 EUR incl. 19 % UST exkl. Versandkosten Powered by First-Web * Gilt für Lieferungen Deutschland. Lieferzeiten für Länder Informationen Berechnung Liefertermins siehe </fragment> </item> <item> <fragment> Cinnamon, organic - Biofrid-Cosmetic GmbH &amp; Co. KG Herstellung Vertrieb diätetischen, kosmetischen pharmazeutischen Produkten » Home Login / Register | Your account | Shopping Cart | Cash box Search Literature Products Cosmetics Dietary Supplement Essential/fatty oils Shipping &amp; Returns Privacy Notice General terms and conditions Imprint Contact Right of revocation Standard withdrawal form Newsletter Biofrid Cosmetic GmbH &amp; Co.KG Hasseler Steinweg 9 27318 Hoya Postfach 1355 27316 Hoya Telefon 04251 9352-396 Telefax 04251 9352-290 Social Bookmarks [&lt;&lt;First] [&lt;Back] [Next&gt;] [last&gt;&gt;] 120 Articles this categorie Cinnamon, organic Volume: 5 ml Product No.: 93851 PZN: 6872221 Price: 4,00 EUR Price reg.: 80,00 EUR per 100 ml Weight: 0.05 Kg from 4,00 EUR incl. 19 % Tax excl. Shipping costs Shipping time: 3-7 working days* Origin: Sri Lanka Type of product: Essential oil from controlled organic crops Description: The bouquet of the essential cinnamon oil is very well known from the use of this plant the kitchen. Being spicy, sweet and pleasantly mild, it has warming, stimulating and inspiring effect, at the same time conveying feeling of pleasant warmth. Note: These are volatile, highly concentrated oily substances obtained by different procedures e.g. water steam distillation or cold-pressing, from different plant elements. They are mostly clear and after having volatilized (except after cold-pressing) normally do not leave any visible traces. The products offered by Biofrid® are of high quality whose ingredients originate from controlled organic crops and contain 100% essential oil. Essential oils must be used very sparingly and consciously. They serve to fill room as well as improving the surrounding air with pleasant fragrance. Undiluted they must not come into contact with skin or mucous membranes, as this could cause irritation. Special caution must be exercised during pregnancy and the presence of children. Due to the numerous fragrances contained only one plant, genuine essential oils have very full bouquet to which great importance is attached regarding choice of the country of origin, and this is why the range is limited. In exceptional cases the supplier country is changed, e.g. where cases of supply shortage or crop failure could occur. Content: Cinnamomum ceylanicum from leaves Customers who bought this product bought the following products: Bergamotte, organic from 8,50 EUR incl. 19 % Tax excl. Shipping costs Rose geranium, organic from 7,70 EUR incl. 19 % Tax excl. Shipping costs Thyme (linalol), organic from 11,40 EUR incl. 19 % Tax excl. Shipping costs Didier® Bath Pearls with Germanium (bag) from 191,60 EUR incl. 19 % Tax excl. Shipping costs RMS Biofrid from 18,00 EUR incl. 7 % Tax excl. Shipping costs EPALIPID® from 17,50 EUR incl. 7 % Tax excl. Shipping costs Powered by First-Web * Gilt für Lieferungen Deutschland. Lieferzeiten für Länder Informationen Berechnung Liefertermins siehe </fragment> </item> <item> <fragment> Zimtblätteröl, kbA - Biofrid-Cosmetic GmbH &amp; Co. KG Herstellung Vertrieb diätetischen, kosmetischen pharmazeutischen Produkten » Startseite Login / Registrierung | Ihre persönliche Seite | Warenkorb | Kasse Suche Literatur Produkte Ätherische/fette Öle Kosmetik Nahrungsergänzung/erg.bil. Diät Liefer- Versandkosten Datenschutz Unsere AGB Impressum Kontakt Widerrufsrecht Widerrufsformular Newsletter Biofrid Cosmetic GmbH &amp; Co.KG Hasseler Steinweg 9 27318 Hoya Postfach 1355 27316 Hoya Telefon 04251 9352-396 Telefax 04251 9352-290 Social Bookmarks [&lt;&lt;Erstes] [&lt;zurück] [weiter&gt;] [Letztes&gt;&gt;] 120 Artikel Kategorie Zimtblätteröl, kbA Inhalt: 5 ml Art.Nr.: 93851 PZN: 6872221 Preis: 4,00 EUR PAngV: 80,00 EUR pro 100 ml Gewicht: 0.05 Kg Ab 4,00 EUR incl. 19 % UST exkl. Versandkosten Lieferzeit: 3-7 Werktage* Herkunft: Sri Lanka Art Produkts: Ätherisches Öl kontrolliert biologischem Anbau (kbA) Beschreibung: Der Duft ätherischen Zimtöles Verwendung Pflanze Küche bekannt. Würzig, süß angenehm mild wirkt erwärmend, anregend inspirierend. Er vermittelt Gefühl angenehmen Geborgenheit. Hinweis: Unsere ätherischen fetten Öle kontrolliert biologischem Anbau (kbA) höchster Qualität. Es handelt flüchtige, hochkonzentrierte, ölige Substanzen, unterschiedlichen Herstellungsverfahren - Wasserdampfdestillation kalte Pressung - verschiedenen Pflanzenteilen gewonnen werden. Sie zumeist farblos hinterlassen Regel (außer Kaltpressung) sichtbaren Spuren, verflüchtigt haben. Diese ätherischen Öle 100% naturrein. Der Einsatz ätherischer Öle sparsam bewusst geschehen. Sie dienen Raumbeduftung Luftverbesserung. Sie dürfen unverdünnt Haut Schleimhäuten Kontakt gebracht werden, Reizungen führen können. In Schwangerschaft Kindern besondere Vorsicht geboten. Die angebotenen genuinen ätherischen Öle aufgrund Vielzahl einzigen Pflanze enthaltenen Duftstoffe umfassendes Bouquet. Darauf bezüglich Wahl Herkunftslandes Wert gelegt, Sortiment bewusst knapp gehalten. Aufgrund Lieferengpässen Ernteausfällen Ausnahmefällen Land gewechselt werden. Als Trägeröl bieten Jojobaöl an. Inhalt: Cinnamomum ceylanicum Blättern Kunden, Artikel kauften, folgende Artikel gekauft: Bergamotteöl, kbA Ab 8,50 EUR incl. 19 % UST exkl. Versandkosten Rosengeranienöl, kbA Ab 7,70 EUR incl. 19 % UST exkl. Versandkosten Thymianöl (linalol), kbA Ab 11,40 EUR incl. 19 % UST exkl. Versandkosten Didier® Badeperlen Germanium (Beutel) Ab 191,60 EUR incl. 19 % UST exkl. Versandkosten RMS Biofrid Ab 18,00 EUR incl. 7 % UST exkl. Versandkosten EPALIPID® Ab 17,50 EUR incl. 7 % UST exkl. Versandkosten Powered by First-Web * Gilt für Lieferungen Deutschland. Lieferzeiten für Länder Informationen Berechnung Liefertermins siehe </fragment> </item> <item> <fragment> Palmarosaöl, kbA - Biofrid-Cosmetic GmbH &amp; Co. KG Herstellung Vertrieb diätetischen, kosmetischen pharmazeutischen Produkten » Startseite Login / Registrierung | Ihre persönliche Seite | Warenkorb | Kasse Suche Literatur Produkte Ätherische/fette Öle Kosmetik Nahrungsergänzung/erg.bil. Diät Liefer- Versandkosten Datenschutz Unsere AGB Impressum Kontakt Widerrufsrecht Widerrufsformular Newsletter Biofrid Cosmetic GmbH &amp; Co.KG Hasseler Steinweg 9 27318 Hoya Postfach 1355 27316 Hoya Telefon 04251 9352-396 Telefax 04251 9352-290 Social Bookmarks [&lt;&lt;Erstes] [&lt;zurück] [weiter&gt;] [Letztes&gt;&gt;] 120 Artikel Kategorie Palmarosaöl, kbA Inhalt: 5 ml Art.Nr.: 93501 PZN: 6872014 Preis: 5,90 EUR PAngV: 118,00 EUR pro 100 ml Gewicht: 0.05 Kg Ab 5,90 EUR incl. 19 % UST exkl. Versandkosten Lieferzeit: 3-7 Werktage* Herkunft: Himalaya Art Produkts: Ätherisches Öl kontrolliert biologischem Anbau (kbA) Beschreibung: Der ausgleichende, milde Duft Öls blumig würzig. Er erinnert Rose. Dadurch spricht stark Gefühl gehört Ölen starken Herznote. Hinweis: Unsere ätherischen fetten Öle kontrolliert biologischem Anbau (kbA) höchster Qualität. Es handelt flüchtige, hochkonzentrierte, ölige Substanzen, unterschiedlichen Herstellungsverfahren - Wasserdampfdestillation kalte Pressung - verschiedenen Pflanzenteilen gewonnen werden. Sie zumeist farblos hinterlassen Regel (außer Kaltpressung) sichtbaren Spuren, verflüchtigt haben. Diese ätherischen Öle 100% naturrein. Der Einsatz ätherischer Öle sparsam bewusst geschehen. Sie dienen Raumbeduftung Luftverbesserung. Sie dürfen unverdünnt Haut Schleimhäuten Kontakt gebracht werden, Reizungen führen können. In Schwangerschaft Kindern besondere Vorsicht geboten. Die angebotenen genuinen ätherischen Öle aufgrund Vielzahl einzigen Pflanze enthaltenen Duftstoffe umfassendes Bouquet. Darauf bezüglich Wahl Herkunftslandes Wert gelegt, Sortiment bewusst knapp gehalten. Aufgrund Lieferengpässen Ernteausfällen Ausnahmefällen Land gewechselt werden. Als Trägeröl bieten Jojobaöl an. Inhalt: Cymbopogon martinii Blättern Kunden, Artikel kauften, folgende Artikel gekauft: Didier® Hautcreme Germanium Ab 19,90 EUR incl. 19 % UST exkl. Versandkosten Zink-diet Biofrid Ab 9,00 EUR incl. 7 % UST exkl. Versandkosten Bergamotteöl, kbA Ab 8,50 EUR incl. 19 % UST exkl. Versandkosten Cajeputöl, kbA Ab 6,90 EUR incl. 19 % UST exkl. Versandkosten Lorbeerblätteröl, kbA Ab 10,50 EUR incl. 19 % UST exkl. Versandkosten Rosmarinöl (verbenon), kbA Ab 9,50 EUR incl. 19 % UST exkl. Versandkosten Powered by First-Web * Gilt für Lieferungen Deutschland. Lieferzeiten für Länder Informationen Berechnung Liefertermins siehe </fragment> </item> <item> <fragment> Niaouliöl, kbA - Biofrid-Cosmetic GmbH &amp; Co. KG Herstellung Vertrieb diätetischen, kosmetischen pharmazeutischen Produkten » Startseite Login / Registrierung | Ihre persönliche Seite | Warenkorb | Kasse Suche Literatur Produkte Ätherische/fette Öle Kosmetik Nahrungsergänzung/erg.bil. Diät Liefer- Versandkosten Datenschutz Unsere AGB Impressum Kontakt Widerrufsrecht Widerrufsformular Newsletter Biofrid Cosmetic GmbH &amp; Co.KG Hasseler Steinweg 9 27318 Hoya Postfach 1355 27316 Hoya Telefon 04251 9352-396 Telefax 04251 9352-290 Social Bookmarks [&lt;&lt;Erstes] [&lt;zurück] [weiter&gt;] [Letztes&gt;&gt;] 120 Artikel Kategorie Niaouliöl, kbA Inhalt: 10 ml Art.Nr.: 93402 PZN: 6872008 Preis: 7,00 EUR PAngV: 70,00 EUR pro 100 ml Gewicht: 0.05 Kg Ab 7,00 EUR incl. 19 % UST exkl. Versandkosten Lieferzeit: 3-7 Werktage* Herkunft: Madagaskar Art Produkts: Ätherisches Öl kontrolliert biologischem Anbau (kbA) Beschreibung: Das Öl duftet krautig, frisch klar. Es geeignet, Luft reinigen erfrischen. Hinweis: Unsere ätherischen fetten Öle kontrolliert biologischem Anbau (kbA) höchster Qualität. Es handelt flüchtige, hochkonzentrierte, ölige Substanzen, unterschiedlichen Herstellungsverfahren - Wasserdampfdestillation kalte Pressung - verschiedenen Pflanzenteilen gewonnen werden. Sie zumeist farblos hinterlassen Regel (außer Kaltpressung) sichtbaren Spuren, verflüchtigt haben. Diese ätherischen Öle 100% naturrein. Der Einsatz ätherischer Öle sparsam bewusst geschehen. Sie dienen Raumbeduftung Luftverbesserung. Sie dürfen unverdünnt Haut Schleimhäuten Kontakt gebracht werden, Reizungen führen können. In Schwangerschaft Kindern besondere Vorsicht geboten. Die angebotenen genuinen ätherischen Öle aufgrund Vielzahl einzigen Pflanze enthaltenen Duftstoffe umfassendes Bouquet. Darauf bezüglich Wahl Herkunftslandes Wert gelegt, Sortiment bewusst knapp gehalten. Aufgrund Lieferengpässen Ernteausfällen Ausnahmefällen Land gewechselt werden. Als Trägeröl bieten Jojobaöl an. Inhalt: Melaleuca quinquenervia Zweigen Kunden, Artikel kauften, folgende Artikel gekauft: Thymianöl (linalol), kbA Ab 11,40 EUR incl. 19 % UST exkl. Versandkosten Mandarinenöl (rot) kbA Ab 7,70 EUR incl. 19 % UST exkl. Versandkosten Pfefferminzöl, kbA Ab 9,70 EUR incl. 19 % UST exkl. Versandkosten Lorbeerblätteröl, kbA Ab 10,50 EUR incl. 19 % UST exkl. Versandkosten Bergamotteöl, kbA Ab 8,50 EUR incl. 19 % UST exkl. Versandkosten Cajeputöl, kbA Ab 6,90 EUR incl. 19 % UST exkl. Versandkosten Powered by First-Web * Gilt für Lieferungen Deutschland. Lieferzeiten für Länder Informationen Berechnung Liefertermins siehe </fragment> </item> <item> <fragment> Nelkenblütenöl, kbA - Biofrid-Cosmetic GmbH &amp; Co. KG Herstellung Vertrieb diätetischen, kosmetischen pharmazeutischen Produkten » Startseite Login / Registrierung | Ihre persönliche Seite | Warenkorb | Kasse Suche Literatur Produkte Ätherische/fette Öle Kosmetik Nahrungsergänzung/erg.bil. Diät Liefer- Versandkosten Datenschutz Unsere AGB Impressum Kontakt Widerrufsrecht Widerrufsformular Newsletter Biofrid Cosmetic GmbH &amp; Co.KG Hasseler Steinweg 9 27318 Hoya Postfach 1355 27316 Hoya Telefon 04251 9352-396 Telefax 04251 9352-290 Social Bookmarks [&lt;&lt;Erstes] [&lt;zurück] [weiter&gt;] [Letztes&gt;&gt;] 120 Artikel Kategorie Nelkenblütenöl, kbA Inhalt: 5 ml Art.Nr.: 93351 PZN: 6871983 Preis: 5,90 EUR PAngV: 118,00 EUR pro 100 ml Gewicht: 0.05 Kg Ab 5,90 EUR incl. 19 % UST exkl. Versandkosten Lieferzeit: 3-7 Werktage* Herkunft: Sri Lanka Art Produkts: Ätherisches Öl kontrolliert biologischem Anbau (kbA) Beschreibung: Das Blütenknospen Pflanze gewonnene ätherische Öl duftet würzig, scharf süßlich. Es erwärmenden Charakter, gleichzeitig anregend ist. Das spricht Gefühlsebene an, außerdem verbinden Duft Gewürzbäckereien. Hinweis: Unsere ätherischen fetten Öle kontrolliert biologischem Anbau (kbA) höchster Qualität. Es handelt flüchtige, hochkonzentrierte, ölige Substanzen, unterschiedlichen Herstellungsverfahren - Wasserdampfdestillation kalte Pressung - verschiedenen Pflanzenteilen gewonnen werden. Sie zumeist farblos hinterlassen Regel (außer Kaltpressung) sichtbaren Spuren, verflüchtigt haben. Diese ätherischen Öle 100% naturrein. Der Einsatz ätherischer Öle sparsam bewusst geschehen. Sie dienen Raumbeduftung Luftverbesserung. Sie dürfen unverdünnt Haut Schleimhäuten Kontakt gebracht werden, Reizungen führen können. In Schwangerschaft Kindern besondere Vorsicht geboten. Die angebotenen genuinen ätherischen Öle aufgrund Vielzahl einzigen Pflanze enthaltenen Duftstoffe umfassendes Bouquet. Darauf bezüglich Wahl Herkunftslandes Wert gelegt, Sortiment bewusst knapp gehalten. Aufgrund Lieferengpässen Ernteausfällen Ausnahmefällen Land gewechselt werden. Als Trägeröl bieten Jojobaöl an. Inhalt: Syzygium aromaticum Blüten Kunden, Artikel kauften, folgende Artikel gekauft: Bergamotteöl, kbA Ab 8,50 EUR incl. 19 % UST exkl. Versandkosten Thymianöl (linalol), kbA Ab 11,40 EUR incl. 19 % UST exkl. Versandkosten Palmarosaöl, kbA Ab 5,90 EUR incl. 19 % UST exkl. Versandkosten Rosengeranienöl, kbA Ab 7,70 EUR incl. 19 % UST exkl. Versandkosten Eukalyptusöl citriodora, kbA Ab 6,50 EUR incl. 19 % UST exkl. Versandkosten Pfefferminzöl, kbA Ab 9,70 EUR incl. 19 % UST exkl. Versandkosten Powered by First-Web * Gilt für Lieferungen Deutschland. Lieferzeiten für Länder Informationen Berechnung Liefertermins siehe </fragment> </item> <item> <fragment> Mandarinenöl (rot) kbA - Biofrid-Cosmetic GmbH &amp; Co. KG Herstellung Vertrieb diätetischen, kosmetischen pharmazeutischen Produkten » Startseite Login / Registrierung | Ihre persönliche Seite | Warenkorb | Kasse Suche Literatur Produkte Ätherische/fette Öle Kosmetik Nahrungsergänzung/erg.bil. Diät Liefer- Versandkosten Datenschutz Unsere AGB Impressum Kontakt Widerrufsrecht Widerrufsformular Newsletter Biofrid Cosmetic GmbH &amp; Co.KG Hasseler Steinweg 9 27318 Hoya Postfach 1355 27316 Hoya Telefon 04251 9352-396 Telefax 04251 9352-290 Social Bookmarks [&lt;&lt;Erstes] [&lt;zurück] [weiter&gt;] [Letztes&gt;&gt;] 120 Artikel Kategorie Mandarinenöl (rot) kbA Inhalt: 10 ml Art.Nr.: 93302 PZN: 6871977 Preis: 7,70 EUR PAngV: 77,00 EUR pro 100 ml Gewicht: 0.05 Kg Ab 7,70 EUR incl. 19 % UST exkl. Versandkosten Lieferzeit: 3-7 Werktage* Herkunft: Italien Art Produkts: Ätherisches Öl kontrolliert biologischem Anbau (kbA) Beschreibung: Das ätherische Öl Kaltpressung Schale reifen Frucht gewonnen. Aus Grunde duftet süß, lieblich fruchtig. Kinder ältere Menschen lieben Duft sehr, beruhigend, gleichzeitig erheiternd erfrischend wirkt. Hinweis: Unsere ätherischen fetten Öle kontrolliert biologischem Anbau (kbA) höchster Qualität. Es handelt flüchtige, hochkonzentrierte, ölige Substanzen, unterschiedlichen Herstellungsverfahren - Wasserdampfdestillation kalte Pressung - verschiedenen Pflanzenteilen gewonnen werden. Sie zumeist farblos hinterlassen Regel (außer Kaltpressung) sichtbaren Spuren, verflüchtigt haben. Diese ätherischen Öle 100% naturrein. Der Einsatz ätherischer Öle sparsam bewusst geschehen. Sie dienen Raumbeduftung Luftverbesserung. Sie dürfen unverdünnt Haut Schleimhäuten Kontakt gebracht werden, Reizungen führen können. In Schwangerschaft Kindern besondere Vorsicht geboten. Die angebotenen genuinen ätherischen Öle aufgrund Vielzahl einzigen Pflanze enthaltenen Duftstoffe umfassendes Bouquet. Darauf bezüglich Wahl Herkunftslandes Wert gelegt, Sortiment bewusst knapp gehalten. Aufgrund Lieferengpässen Ernteausfällen Ausnahmefällen Land gewechselt werden. Als Trägeröl bieten Jojobaöl an. Inhalt: Citrus reticulata Fruchtschale Kunden, Artikel kauften, folgende Artikel gekauft: Didier® Nachtkerzen-Vitamin E Lotion Ab 10,60 EUR incl. 19 % UST exkl. Versandkosten Didier® Badeperlen Germanium Ab 19,90 EUR incl. 19 % UST exkl. Versandkosten Arginin-diet Biofrid Ab 11,90 EUR incl. 7 % UST exkl. Versandkosten Thymianöl (linalol), kbA Ab 11,40 EUR incl. 19 % UST exkl. Versandkosten Niaouliöl, kbA Ab 7,00 EUR incl. 19 % UST exkl. Versandkosten Teebaumöl, kbA Ab 6,90 EUR incl. 19 % UST exkl. Versandkosten Powered by First-Web * Gilt für Lieferungen Deutschland. Lieferzeiten für Länder Informationen Berechnung Liefertermins siehe </fragment> </item> <item> <fragment> Majoranöl, kbA - Biofrid-Cosmetic GmbH &amp; Co. KG Herstellung Vertrieb diätetischen, kosmetischen pharmazeutischen Produkten » Startseite Login / Registrierung | Ihre persönliche Seite | Warenkorb | Kasse Suche Literatur Produkte Ätherische/fette Öle Kosmetik Nahrungsergänzung/erg.bil. Diät Liefer- Versandkosten Datenschutz Unsere AGB Impressum Kontakt Widerrufsrecht Widerrufsformular Newsletter Biofrid Cosmetic GmbH &amp; Co.KG Hasseler Steinweg 9 27318 Hoya Postfach 1355 27316 Hoya Telefon 04251 9352-396 Telefax 04251 9352-290 Social Bookmarks [&lt;&lt;Erstes] [&lt;zurück] [weiter&gt;] [Letztes&gt;&gt;] 120 Artikel Kategorie Majoranöl, kbA Inhalt: 5 ml Art.Nr.: 93281 PZN: 1927851 Preis: 6,90 EUR PAngV: 138,00 EUR pro 100 ml Gewicht: 0.05 Kg Ab 6,90 EUR incl. 19 % UST exkl. Versandkosten Lieferzeit: 3-7 Werktage* Herkunft: Ägypten Art Produkts: Ätherisches Öl kontrolliert biologischem Anbau (kbA) Beschreibung: Dieser Duft einzigartig würzig, warm krautig. Die enthaltenen Ester vermitteln beruhigenden entspannenden Eindruck, gleichzeitig wärmend ist. Das Majoranöl angenehme, lösende Duftnote. Hinweis: Unsere ätherischen fetten Öle kontrolliert biologischem Anbau (kbA) höchster Qualität. Es handelt flüchtige, hochkonzentrierte, ölige Substanzen, unterschiedlichen Herstellungsverfahren - Wasserdampfdestillation kalte Pressung - verschiedenen Pflanzenteilen gewonnen werden. Sie zumeist farblos hinterlassen Regel (außer Kaltpressung) sichtbaren Spuren, verflüchtigt haben. Diese ätherischen Öle 100% naturrein. Der Einsatz ätherischer Öle sparsam bewusst geschehen. Sie dienen Raumbeduftung Luftverbesserung. Sie dürfen unverdünnt Haut Schleimhäuten Kontakt gebracht werden, Reizungen führen können. In Schwangerschaft Kindern besondere Vorsicht geboten. Die angebotenen genuinen ätherischen Öle aufgrund Vielzahl einzigen Pflanze enthaltenen Duftstoffe umfassendes Bouquet. Darauf bezüglich Wahl Herkunftslandes Wert gelegt, Sortiment bewusst knapp gehalten. Aufgrund Lieferengpässen Ernteausfällen Ausnahmefällen Land gewechselt werden. Als Trägeröl bieten Jojobaöl an. Inhalt: Origanum majorana Kraut Kunden, Artikel kauften, folgende Artikel gekauft: Didier® Hautcreme Germanium Ab 19,90 EUR incl. 19 % UST exkl. Versandkosten Didier® Nachtkerzen-Vitamin E Lotion Ab 10,60 EUR incl. 19 % UST exkl. Versandkosten Didier® Nachtkerzen-Vitamin E-Creme Ab 7,50 EUR incl. 19 % UST exkl. Versandkosten Propolis Creme Biofrid Ab 6,90 EUR incl. 19 % UST exkl. Versandkosten Ringelblumen Creme Biofrid Ab 6,90 EUR incl. 19 % UST exkl. Versandkosten Bergamotteöl, kbA Ab 8,50 EUR incl. 19 % UST exkl. Versandkosten Powered by First-Web * Gilt für Lieferungen Deutschland. Lieferzeiten für Länder Informationen Berechnung Liefertermins siehe </fragment> </item> <item> <fragment> Lorbeerblätteröl, kbA - Biofrid-Cosmetic GmbH &amp; Co. KG Herstellung Vertrieb diätetischen, kosmetischen pharmazeutischen Produkten » Startseite Login / Registrierung | Ihre persönliche Seite | Warenkorb | Kasse Suche Literatur Produkte Ätherische/fette Öle Kosmetik Nahrungsergänzung/erg.bil. Diät Liefer- Versandkosten Datenschutz Unsere AGB Impressum Kontakt Widerrufsrecht Widerrufsformular Newsletter Biofrid Cosmetic GmbH &amp; Co.KG Hasseler Steinweg 9 27318 Hoya Postfach 1355 27316 Hoya Telefon 04251 9352-396 Telefax 04251 9352-290 Social Bookmarks [&lt;&lt;Erstes] [&lt;zurück] [weiter&gt;] [Letztes&gt;&gt;] 120 Artikel Kategorie Lorbeerblätteröl, kbA Inhalt: 5 ml Art.Nr.: 93251 PZN: 1927845 Preis: 10,50 EUR PAngV: 210,00 EUR pro 100 ml Gewicht: 0.05 Kg Ab 10,50 EUR incl. 19 % UST exkl. Versandkosten Lieferzeit: 3-7 Werktage* Herkunft: Bosnien-Herzegowina Art Produkts: Ätherisches Öl kontrolliert biologischem Anbau (kbA) Beschreibung: Nicht Grund Antike Helden Lorbeerkranz geschmückt,. Pflanze umfassendes Duftbouquet aufgrund enthaltenen vielfältigen Substanzen. Sie Duftqualitäten, erfassen können, wobei Kopf- Herznote überwiegen. Der Duft erscheint klärend, anregend kraftvoll. Hinweis: Unsere ätherischen fetten Öle kontrolliert biologischem Anbau (kbA) höchster Qualität. Es handelt flüchtige, hochkonzentrierte, ölige Substanzen, unterschiedlichen Herstellungsverfahren - Wasserdampfdestillation kalte Pressung - verschiedenen Pflanzenteilen gewonnen werden. Sie zumeist farblos hinterlassen Regel (außer Kaltpressung) sichtbaren Spuren, verflüchtigt haben. Diese ätherischen Öle 100% naturrein. Der Einsatz ätherischer Öle sparsam bewusst geschehen. Sie dienen Raumbeduftung Luftverbesserung. Sie dürfen unverdünnt Haut Schleimhäuten Kontakt gebracht werden, Reizungen führen können. In Schwangerschaft Kindern besondere Vorsicht geboten. Die angebotenen genuinen ätherischen Öle aufgrund Vielzahl einzigen Pflanze enthaltenen Duftstoffe umfassendes Bouquet. Darauf bezüglich Wahl Herkunftslandes Wert gelegt, Sortiment bewusst knapp gehalten. Aufgrund Lieferengpässen Ernteausfällen Ausnahmefällen Land gewechselt werden. Als Trägeröl bieten Jojobaöl an. Inhalt: Laurus nobilis L. Blättern Kunden, Artikel kauften, folgende Artikel gekauft: Palmarosaöl, kbA Ab 5,90 EUR incl. 19 % UST exkl. Versandkosten Niaouliöl, kbA Ab 7,00 EUR incl. 19 % UST exkl. Versandkosten Teebaumöl, kbA Ab 6,90 EUR incl. 19 % UST exkl. Versandkosten Bergamotteöl, kbA Ab 8,50 EUR incl. 19 % UST exkl. Versandkosten Cajeputöl, kbA Ab 6,90 EUR incl. 19 % UST exkl. Versandkosten Rosengeranienöl, kbA Ab 7,70 EUR incl. 19 % UST exkl. Versandkosten Powered by First-Web * Gilt für Lieferungen Deutschland. Lieferzeiten für Länder Informationen Berechnung Liefertermins siehe </fragment> </item> <item> <fragment> Lavendelöl, kbA - Biofrid-Cosmetic GmbH &amp; Co. KG Herstellung Vertrieb diätetischen, kosmetischen pharmazeutischen Produkten » Startseite Login / Registrierung | Ihre persönliche Seite | Warenkorb | Kasse Suche Literatur Produkte Ätherische/fette Öle Kosmetik Nahrungsergänzung/erg.bil. Diät Liefer- Versandkosten Datenschutz Unsere AGB Impressum Kontakt Widerrufsrecht Widerrufsformular Newsletter Biofrid Cosmetic GmbH &amp; Co.KG Hasseler Steinweg 9 27318 Hoya Postfach 1355 27316 Hoya Telefon 04251 9352-396 Telefax 04251 9352-290 Social Bookmarks [&lt;&lt;Erstes] [&lt;zurück] [weiter&gt;] [Letztes&gt;&gt;] 120 Artikel Kategorie Lavendelöl, kbA Inhalt: 10 ml Art.Nr.: 93202 PZN: 6871960 Preis: 8,50 EUR PAngV: 85,00 EUR pro 100 ml Gewicht: 0.05 Kg Ab 8,50 EUR incl. 19 % UST exkl. Versandkosten Lieferzeit: 3-7 Werktage* Herkunft: Bulgarien Art Produkts: Ätherisches Öl kontrolliert biologischem Anbau (kbA) Beschreibung: Das bekannteste klassische Duftöl frischen, krautig-blumigen Duft, wirkt ausgleichend harmonisierend Kombination Ölen wunderbaren Harmonisierung Duftmischungen führen. Hinweis: nsere ätherischen fetten Öle kontrolliert biologischem Anbau (kbA) höchster Qualität. Es handelt flüchtige, hochkonzentrierte, ölige Substanzen, unterschiedlichen Herstellungsverfahren - Wasserdampfdestillation kalte Pressung - verschiedenen Pflanzenteilen gewonnen werden. Sie zumeist farblos hinterlassen Regel (außer Kaltpressung) sichtbaren Spuren, verflüchtigt haben. Diese ätherischen Öle 100% naturrein. Der Einsatz ätherischer Öle sparsam bewusst geschehen. Sie dienen Raumbeduftung Luftverbesserung. Sie dürfen unverdünnt Haut Schleimhäuten Kontakt gebracht werden, Reizungen führen können. In Schwangerschaft Kindern besondere Vorsicht geboten. Die angebotenen genuinen ätherischen Öle aufgrund Vielzahl einzigen Pflanze enthaltenen Duftstoffe umfassendes Bouquet. Darauf bezüglich Wahl Herkunftslandes Wert gelegt, Sortiment bewusst knapp gehalten. Aufgrund Lieferengpässen Ernteausfällen Ausnahmefällen Land gewechselt werden. Als Trägeröl bieten Jojobaöl an. Inhalt: Lavandula angustifolia Blütenrispen Kunden, Artikel kauften, folgende Artikel gekauft: Didier® Badeperlen Germanium Ab 19,90 EUR incl. 19 % UST exkl. Versandkosten Arginin-diet Biofrid Ab 11,90 EUR incl. 7 % UST exkl. Versandkosten Didier® Hautcreme Germanium Ab 19,90 EUR incl. 19 % UST exkl. Versandkosten RMS Biofrid Ab 18,00 EUR incl. 7 % UST exkl. Versandkosten Selen-Biofrid Ab 5,50 EUR incl. 7 % UST exkl. Versandkosten Palmarosaöl, kbA Ab 5,90 EUR incl. 19 % UST exkl. Versandkosten Powered by First-Web * Gilt für Lieferungen Deutschland. Lieferzeiten für Länder Informationen Berechnung Liefertermins siehe </fragment> </item> <item> <fragment> Jojobaöl, kbA - Biofrid-Cosmetic GmbH &amp; Co. KG Herstellung Vertrieb diätetischen, kosmetischen pharmazeutischen Produkten » Startseite Login / Registrierung | Ihre persönliche Seite | Warenkorb | Kasse Suche Literatur Produkte Ätherische/fette Öle Kosmetik Nahrungsergänzung/erg.bil. Diät Liefer- Versandkosten Datenschutz Unsere AGB Impressum Kontakt Widerrufsrecht Widerrufsformular Newsletter Biofrid Cosmetic GmbH &amp; Co.KG Hasseler Steinweg 9 27318 Hoya Postfach 1355 27316 Hoya Telefon 04251 9352-396 Telefax 04251 9352-290 Social Bookmarks [&lt;&lt;Erstes] [&lt;zurück] [weiter&gt;] [Letztes&gt;&gt;] 120 Artikel Kategorie Jojobaöl, kbA Inhalt: 50 ml Art.Nr.: 93956 PZN: 6872244 Preis: 6,90 EUR PAngV: 13,80 EUR pro 100 ml Gewicht: 0.11 Kg Ab 6,90 EUR incl. 19 % UST exkl. Versandkosten Lieferzeit: 3-7 Werktage* Herkunft: Argentinien / Israel / Ägypten Art Produkts: Fettes Öl kontrolliert biologischem Anbau (kalt gepreßt) Beschreibung: Jojobaöl Nüssen holzigen Strauches gewonnen, Halbwüsten wächst. Es pflegt, erhält Hautfeuchtigkeit fast geruchsneutral. Jojobaöl enthält Vitamin A E Lichtschutzfaktor 3-4. Aufgrund wachsartigen Charakters Jojobaöl ranzig zeichnet Haltbarkeit aus. Seine positiven Eigenschaften hervorragenden (Träger-) Öl Kosmetik gemacht. Inhalt: Simmondsia chinensis Nüssen Kunden, Artikel kauften, folgende Artikel gekauft: Didier® Hautcreme Germanium Ab 19,90 EUR incl. 19 % UST exkl. Versandkosten RMS Biofrid Ab 18,00 EUR incl. 7 % UST exkl. Versandkosten Teebaumöl, kbA Ab 6,90 EUR incl. 19 % UST exkl. Versandkosten Bergamotteöl, kbA Ab 8,50 EUR incl. 19 % UST exkl. Versandkosten Thymianöl (linalol), kbA Ab 11,40 EUR incl. 19 % UST exkl. Versandkosten Rosengeranienöl, kbA Ab 7,70 EUR incl. 19 % UST exkl. Versandkosten Powered by First-Web * Gilt für Lieferungen Deutschland. Lieferzeiten für Länder Informationen Berechnung Liefertermins siehe </fragment> </item> <item> <fragment> Eukalyptusöl citriodora, kbA - Biofrid-Cosmetic GmbH &amp; Co. KG Herstellung Vertrieb diätetischen, kosmetischen pharmazeutischen Produkten » Startseite Login / Registrierung | Ihre persönliche Seite | Warenkorb | Kasse Suche Literatur Produkte Ätherische/fette Öle Kosmetik Nahrungsergänzung/erg.bil. Diät Liefer- Versandkosten Datenschutz Unsere AGB Impressum Kontakt Widerrufsrecht Widerrufsformular Newsletter Biofrid Cosmetic GmbH &amp; Co.KG Hasseler Steinweg 9 27318 Hoya Postfach 1355 27316 Hoya Telefon 04251 9352-396 Telefax 04251 9352-290 Social Bookmarks [&lt;&lt;Erstes] [&lt;zurück] [weiter&gt;] [Letztes&gt;&gt;] 120 Artikel Kategorie Eukalyptusöl citriodora, kbA Inhalt: 10 ml Art.Nr.: 93152 PZN: 1927880 Preis: 6,50 EUR PAngV: 65,00 EUR pro 100 ml Gewicht: 0.05 Kg Ab 6,50 EUR incl. 19 % UST exkl. Versandkosten Lieferzeit: 3-7 Werktage* Herkunft: Brasilien Art Produkts: Ätherisches Öl kontrolliert biologischem Anbau (kbA) Beschreibung: Eukalyptusöl erfrischenden belebenden Duft. Seine aktivierenden Inhaltsstoffe vertreiben Lustlosigkeit, wecken Lebensgeister fördern Konzentration geistige Wachheit. Hinweis: Unsere ätherischen fetten Öle kontrolliert biologischem Anbau (kbA) höchster Qualität. Es handelt flüchtige, hochkonzentrierte, ölige Substanzen, unterschiedlichen Herstellungsverfahren - Wasserdampfdestillation kalte Pressung - verschiedenen Pflanzenteilen gewonnen werden. Sie zumeist farblos hinterlassen Regel (außer Kaltpressung) sichtbaren Spuren, verflüchtigt haben. Diese ätherischen Öle 100% naturrein. Der Einsatz ätherischer Öle sparsam bewusst geschehen. Sie dienen Raumbeduftung Luftverbesserung. Sie dürfen unverdünnt Haut Schleimhäuten Kontakt gebracht werden, Reizungen führen können. In Schwangerschaft Kindern besondere Vorsicht geboten. Die angebotenen genuinen ätherischen Öle aufgrund Vielzahl einzigen Pflanze enthaltenen Duftstoffe umfassendes Bouquet. Darauf bezüglich Wahl Herkunftslandes Wert gelegt, Sortiment bewusst knapp gehalten. Aufgrund Lieferengpässen Ernteausfällen Ausnahmefällen Land gewechselt werden. Als Trägeröl bieten Jojobaöl an. Inhalt: Eucalyptus citriodora Blättern u. Zweigspitzen Kunden, Artikel kauften, folgende Artikel gekauft: Cajeputöl, kbA Ab 6,90 EUR incl. 19 % UST exkl. Versandkosten Bergamotteöl, kbA Ab 8,50 EUR incl. 19 % UST exkl. Versandkosten Arnica Creme Biofrid Ab 6,90 EUR incl. 19 % UST exkl. Versandkosten Ringelblumen Creme Biofrid Ab 6,90 EUR incl. 19 % UST exkl. Versandkosten Didier® Nachtkerzen-Vitamin E-Creme Ab 7,50 EUR incl. 19 % UST exkl. Versandkosten Teebaumöl, kbA Ab 6,90 EUR incl. 19 % UST exkl. Versandkosten Powered by First-Web * Gilt für Lieferungen Deutschland. Lieferzeiten für Länder Informationen Berechnung Liefertermins siehe </fragment> </item> <item> <fragment> Palmarosa, organic - Biofrid-Cosmetic GmbH &amp; Co. KG Herstellung Vertrieb diätetischen, kosmetischen pharmazeutischen Produkten » Home Login / Register | Your account | Shopping Cart | Cash box Search Literature Products Cosmetics Dietary Supplement Essential/fatty oils Shipping &amp; Returns Privacy Notice General terms and conditions Imprint Contact Right of revocation Standard withdrawal form Newsletter Biofrid Cosmetic GmbH &amp; Co.KG Hasseler Steinweg 9 27318 Hoya Postfach 1355 27316 Hoya Telefon 04251 9352-396 Telefax 04251 9352-290 Social Bookmarks [&lt;&lt;First] [&lt;Back] [Next&gt;] [last&gt;&gt;] 120 Articles this categorie Palmarosa, organic Volume: 5 ml Product No.: 93501 PZN: 6872014 Price: 5,90 EUR Price reg.: 118,00 EUR per 100 ml Weight: 0.05 Kg from 5,90 EUR incl. 19 % Tax excl. Shipping costs Shipping time: 3-7 working days* Origin: Himalaya Type of product: Essential oil from controlled organic crops Description: The balancing mild fragrance of the oil is both floral and spicy at the same time, reminding of rose. That is why it strongly touches emotions and belongs to oils with strong middle note. Note: These are volatile, highly concentrated oily substances obtained by different procedures e.g. water steam distillation or cold-pressing, from different plant elements. They are mostly clear and after having volatilized (except after cold-pressing) normally do not leave any visible traces. The products offered by Biofrid® are of high quality whose ingredients originate from controlled organic crops and contain 100% essential oil. Essential oils must be used very sparingly and consciously. They serve to fill room as well as improving the surrounding air with pleasant fragrance. Undiluted they must not come into contact with skin or mucous membranes, as this could cause irritation. Special caution must be exercised during pregnancy and the presence of children. Due to the numerous fragrances contained only one plant, genuine essential oils have very full bouquet to which great importance is attached regarding choice of the country of origin, and this is why the range is limited. In exceptional cases the supplier country is changed, e.g. where cases of supply shortage or crop failure could occur. Content: Cymbopogon martinii from leaves Customers who bought this product bought the following products: Didier® Skin Moisturising Cream with Germanium from 19,90 EUR incl. 19 % Tax excl. Shipping costs Zinc-diet Biofrid from 9,00 EUR incl. 7 % Tax excl. Shipping costs Bergamotte, organic from 8,50 EUR incl. 19 % Tax excl. Shipping costs Cajeput, organic from 6,90 EUR incl. 19 % Tax excl. Shipping costs Bay leaf, organic from 10,50 EUR incl. 19 % Tax excl. Shipping costs Rosemary (verbenon), organic from 9,50 EUR incl. 19 % Tax excl. Shipping costs Powered by First-Web * Gilt für Lieferungen Deutschland. Lieferzeiten für Länder Informationen Berechnung Liefertermins siehe </fragment> </item> <item> <fragment> Nelkenblütenöl, kbA - Biofrid-Cosmetic GmbH &amp; Co. KG Herstellung Vertrieb diätetischen, kosmetischen pharmazeutischen Produkten » Startseite Login / Registrierung | Ihre persönliche Seite | Warenkorb | Kasse Suche Literatur Produkte Ätherische/fette Öle Kosmetik Nahrungsergänzung/erg.bil. Diät Liefer- Versandkosten Datenschutz Unsere AGB Impressum Kontakt Widerrufsrecht Widerrufsformular Newsletter Biofrid Cosmetic GmbH &amp; Co.KG Hasseler Steinweg 9 27318 Hoya Postfach 1355 27316 Hoya Telefon 04251 9352-396 Telefax 04251 9352-290 Social Bookmarks [&lt;&lt;Erstes] [&lt;zurück] [weiter&gt;] [Letztes&gt;&gt;] 120 Artikel Kategorie Nelkenblütenöl, kbA Inhalt: 5 ml Art.Nr.: 93351 PZN: 6871983 Preis: 5,90 EUR PAngV: 118,00 EUR pro 100 ml Gewicht: 0.05 Kg Ab 5,90 EUR incl. 19 % UST exkl. Versandkosten Lieferzeit: 3-7 Werktage* Herkunft: Sri Lanka Art Produkts: Ätherisches Öl kontrolliert biologischem Anbau (kbA) Beschreibung: Das Blütenknospen Pflanze gewonnene ätherische Öl duftet würzig, scharf süßlich. Es erwärmenden Charakter, gleichzeitig anregend ist. Das spricht Gefühlsebene an, außerdem verbinden Duft Gewürzbäckereien. Hinweis: Unsere ätherischen fetten Öle kontrolliert biologischem Anbau (kbA) höchster Qualität. Es handelt flüchtige, hochkonzentrierte, ölige Substanzen, unterschiedlichen Herstellungsverfahren - Wasserdampfdestillation kalte Pressung - verschiedenen Pflanzenteilen gewonnen werden. Sie zumeist farblos hinterlassen Regel (außer Kaltpressung) sichtbaren Spuren, verflüchtigt haben. Diese ätherischen Öle 100% naturrein. Der Einsatz ätherischer Öle sparsam bewusst geschehen. Sie dienen Raumbeduftung Luftverbesserung. Sie dürfen unverdünnt Haut Schleimhäuten Kontakt gebracht werden, Reizungen führen können. In Schwangerschaft Kindern besondere Vorsicht geboten. Die angebotenen genuinen ätherischen Öle aufgrund Vielzahl einzigen Pflanze enthaltenen Duftstoffe umfassendes Bouquet. Darauf bezüglich Wahl Herkunftslandes Wert gelegt, Sortiment bewusst knapp gehalten. Aufgrund Lieferengpässen Ernteausfällen Ausnahmefällen Land gewechselt werden. Als Trägeröl bieten Jojobaöl an. Inhalt: Syzygium aromaticum Blüten Kunden, Artikel kauften, folgende Artikel gekauft: Bergamotteöl, kbA Ab 8,50 EUR incl. 19 % UST exkl. Versandkosten Thymianöl (linalol), kbA Ab 11,40 EUR incl. 19 % UST exkl. Versandkosten Palmarosaöl, kbA Ab 5,90 EUR incl. 19 % UST exkl. Versandkosten Rosengeranienöl, kbA Ab 7,70 EUR incl. 19 % UST exkl. Versandkosten Eukalyptusöl citriodora, kbA Ab 6,50 EUR incl. 19 % UST exkl. Versandkosten Pfefferminzöl, kbA Ab 9,70 EUR incl. 19 % UST exkl. Versandkosten Powered by First-Web * Gilt für Lieferungen Deutschland. Lieferzeiten für Länder Informationen Berechnung Liefertermins siehe </fragment> </item> <item> <fragment> Mandarinenöl (rot) kbA - Biofrid-Cosmetic GmbH &amp; Co. KG Herstellung Vertrieb diätetischen, kosmetischen pharmazeutischen Produkten » Startseite Login / Registrierung | Ihre persönliche Seite | Warenkorb | Kasse Suche Literatur Produkte Ätherische/fette Öle Kosmetik Nahrungsergänzung/erg.bil. Diät Liefer- Versandkosten Datenschutz Unsere AGB Impressum Kontakt Widerrufsrecht Widerrufsformular Newsletter Biofrid Cosmetic GmbH &amp; Co.KG Hasseler Steinweg 9 27318 Hoya Postfach 1355 27316 Hoya Telefon 04251 9352-396 Telefax 04251 9352-290 Social Bookmarks [&lt;&lt;Erstes] [&lt;zurück] [weiter&gt;] [Letztes&gt;&gt;] 120 Artikel Kategorie Mandarinenöl (rot) kbA Inhalt: 10 ml Art.Nr.: 93302 PZN: 6871977 Preis: 7,70 EUR PAngV: 77,00 EUR pro 100 ml Gewicht: 0.05 Kg Ab 7,70 EUR incl. 19 % UST exkl. Versandkosten Lieferzeit: 3-7 Werktage* Herkunft: Italien Art Produkts: Ätherisches Öl kontrolliert biologischem Anbau (kbA) Beschreibung: Das ätherische Öl Kaltpressung Schale reifen Frucht gewonnen. Aus Grunde duftet süß, lieblich fruchtig. Kinder ältere Menschen lieben Duft sehr, beruhigend, gleichzeitig erheiternd erfrischend wirkt. Hinweis: Unsere ätherischen fetten Öle kontrolliert biologischem Anbau (kbA) höchster Qualität. Es handelt flüchtige, hochkonzentrierte, ölige Substanzen, unterschiedlichen Herstellungsverfahren - Wasserdampfdestillation kalte Pressung - verschiedenen Pflanzenteilen gewonnen werden. Sie zumeist farblos hinterlassen Regel (außer Kaltpressung) sichtbaren Spuren, verflüchtigt haben. Diese ätherischen Öle 100% naturrein. Der Einsatz ätherischer Öle sparsam bewusst geschehen. Sie dienen Raumbeduftung Luftverbesserung. Sie dürfen unverdünnt Haut Schleimhäuten Kontakt gebracht werden, Reizungen führen können. In Schwangerschaft Kindern besondere Vorsicht geboten. Die angebotenen genuinen ätherischen Öle aufgrund Vielzahl einzigen Pflanze enthaltenen Duftstoffe umfassendes Bouquet. Darauf bezüglich Wahl Herkunftslandes Wert gelegt, Sortiment bewusst knapp gehalten. Aufgrund Lieferengpässen Ernteausfällen Ausnahmefällen Land gewechselt werden. Als Trägeröl bieten Jojobaöl an. Inhalt: Citrus reticulata Fruchtschale Kunden, Artikel kauften, folgende Artikel gekauft: Didier® Nachtkerzen-Vitamin E Lotion Ab 10,60 EUR incl. 19 % UST exkl. Versandkosten Didier® Badeperlen Germanium Ab 19,90 EUR incl. 19 % UST exkl. Versandkosten Arginin-diet Biofrid Ab 11,90 EUR incl. 7 % UST exkl. Versandkosten Thymianöl (linalol), kbA Ab 11,40 EUR incl. 19 % UST exkl. Versandkosten Niaouliöl, kbA Ab 7,00 EUR incl. 19 % UST exkl. Versandkosten Teebaumöl, kbA Ab 6,90 EUR incl. 19 % UST exkl. Versandkosten Powered by First-Web * Gilt für Lieferungen Deutschland. Lieferzeiten für Länder Informationen Berechnung Liefertermins siehe </fragment> </item> <item> <fragment> Majoranöl, kbA - Biofrid-Cosmetic GmbH &amp; Co. KG Herstellung Vertrieb diätetischen, kosmetischen pharmazeutischen Produkten » Startseite Login / Registrierung | Ihre persönliche Seite | Warenkorb | Kasse Suche Literatur Produkte Ätherische/fette Öle Kosmetik Nahrungsergänzung/erg.bil. Diät Liefer- Versandkosten Datenschutz Unsere AGB Impressum Kontakt Widerrufsrecht Widerrufsformular Newsletter Biofrid Cosmetic GmbH &amp; Co.KG Hasseler Steinweg 9 27318 Hoya Postfach 1355 27316 Hoya Telefon 04251 9352-396 Telefax 04251 9352-290 Social Bookmarks [&lt;&lt;Erstes] [&lt;zurück] [weiter&gt;] [Letztes&gt;&gt;] 120 Artikel Kategorie Majoranöl, kbA Inhalt: 5 ml Art.Nr.: 93281 PZN: 1927851 Preis: 6,90 EUR PAngV: 138,00 EUR pro 100 ml Gewicht: 0.05 Kg Ab 6,90 EUR incl. 19 % UST exkl. Versandkosten Lieferzeit: 3-7 Werktage* Herkunft: Ägypten Art Produkts: Ätherisches Öl kontrolliert biologischem Anbau (kbA) Beschreibung: Dieser Duft einzigartig würzig, warm krautig. Die enthaltenen Ester vermitteln beruhigenden entspannenden Eindruck, gleichzeitig wärmend ist. Das Majoranöl angenehme, lösende Duftnote. Hinweis: Unsere ätherischen fetten Öle kontrolliert biologischem Anbau (kbA) höchster Qualität. Es handelt flüchtige, hochkonzentrierte, ölige Substanzen, unterschiedlichen Herstellungsverfahren - Wasserdampfdestillation kalte Pressung - verschiedenen Pflanzenteilen gewonnen werden. Sie zumeist farblos hinterlassen Regel (außer Kaltpressung) sichtbaren Spuren, verflüchtigt haben. Diese ätherischen Öle 100% naturrein. Der Einsatz ätherischer Öle sparsam bewusst geschehen. Sie dienen Raumbeduftung Luftverbesserung. Sie dürfen unverdünnt Haut Schleimhäuten Kontakt gebracht werden, Reizungen führen können. In Schwangerschaft Kindern besondere Vorsicht geboten. Die angebotenen genuinen ätherischen Öle aufgrund Vielzahl einzigen Pflanze enthaltenen Duftstoffe umfassendes Bouquet. Darauf bezüglich Wahl Herkunftslandes Wert gelegt, Sortiment bewusst knapp gehalten. Aufgrund Lieferengpässen Ernteausfällen Ausnahmefällen Land gewechselt werden. Als Trägeröl bieten Jojobaöl an. Inhalt: Origanum majorana Kraut Kunden, Artikel kauften, folgende Artikel gekauft: Didier® Hautcreme Germanium Ab 19,90 EUR incl. 19 % UST exkl. Versandkosten Didier® Nachtkerzen-Vitamin E Lotion Ab 10,60 EUR incl. 19 % UST exkl. Versandkosten Didier® Nachtkerzen-Vitamin E-Creme Ab 7,50 EUR incl. 19 % UST exkl. Versandkosten Propolis Creme Biofrid Ab 6,90 EUR incl. 19 % UST exkl. Versandkosten Ringelblumen Creme Biofrid Ab 6,90 EUR incl. 19 % UST exkl. Versandkosten Bergamotteöl, kbA Ab 8,50 EUR incl. 19 % UST exkl. Versandkosten Powered by First-Web * Gilt für Lieferungen Deutschland. Lieferzeiten für Länder Informationen Berechnung Liefertermins siehe </fragment> </item> <item> <fragment> Lorbeerblätteröl, kbA - Biofrid-Cosmetic GmbH &amp; Co. KG Herstellung Vertrieb diätetischen, kosmetischen pharmazeutischen Produkten » Startseite Login / Registrierung | Ihre persönliche Seite | Warenkorb | Kasse Suche Literatur Produkte Ätherische/fette Öle Kosmetik Nahrungsergänzung/erg.bil. Diät Liefer- Versandkosten Datenschutz Unsere AGB Impressum Kontakt Widerrufsrecht Widerrufsformular Newsletter Biofrid Cosmetic GmbH &amp; Co.KG Hasseler Steinweg 9 27318 Hoya Postfach 1355 27316 Hoya Telefon 04251 9352-396 Telefax 04251 9352-290 Social Bookmarks [&lt;&lt;Erstes] [&lt;zurück] [weiter&gt;] [Letztes&gt;&gt;] 120 Artikel Kategorie Lorbeerblätteröl, kbA Inhalt: 5 ml Art.Nr.: 93251 PZN: 1927845 Preis: 10,50 EUR PAngV: 210,00 EUR pro 100 ml Gewicht: 0.05 Kg Ab 10,50 EUR incl. 19 % UST exkl. Versandkosten Lieferzeit: 3-7 Werktage* Herkunft: Bosnien-Herzegowina Art Produkts: Ätherisches Öl kontrolliert biologischem Anbau (kbA) Beschreibung: Nicht Grund Antike Helden Lorbeerkranz geschmückt,. Pflanze umfassendes Duftbouquet aufgrund enthaltenen vielfältigen Substanzen. Sie Duftqualitäten, erfassen können, wobei Kopf- Herznote überwiegen. Der Duft erscheint klärend, anregend kraftvoll. Hinweis: Unsere ätherischen fetten Öle kontrolliert biologischem Anbau (kbA) höchster Qualität. Es handelt flüchtige, hochkonzentrierte, ölige Substanzen, unterschiedlichen Herstellungsverfahren - Wasserdampfdestillation kalte Pressung - verschiedenen Pflanzenteilen gewonnen werden. Sie zumeist farblos hinterlassen Regel (außer Kaltpressung) sichtbaren Spuren, verflüchtigt haben. Diese ätherischen Öle 100% naturrein. Der Einsatz ätherischer Öle sparsam bewusst geschehen. Sie dienen Raumbeduftung Luftverbesserung. Sie dürfen unverdünnt Haut Schleimhäuten Kontakt gebracht werden, Reizungen führen können. In Schwangerschaft Kindern besondere Vorsicht geboten. Die angebotenen genuinen ätherischen Öle aufgrund Vielzahl einzigen Pflanze enthaltenen Duftstoffe umfassendes Bouquet. Darauf bezüglich Wahl Herkunftslandes Wert gelegt, Sortiment bewusst knapp gehalten. Aufgrund Lieferengpässen Ernteausfällen Ausnahmefällen Land gewechselt werden. Als Trägeröl bieten Jojobaöl an. Inhalt: Laurus nobilis L. Blättern Kunden, Artikel kauften, folgende Artikel gekauft: Palmarosaöl, kbA Ab 5,90 EUR incl. 19 % UST exkl. Versandkosten Niaouliöl, kbA Ab 7,00 EUR incl. 19 % UST exkl. Versandkosten Teebaumöl, kbA Ab 6,90 EUR incl. 19 % UST exkl. Versandkosten Bergamotteöl, kbA Ab 8,50 EUR incl. 19 % UST exkl. Versandkosten Cajeputöl, kbA Ab 6,90 EUR incl. 19 % UST exkl. Versandkosten Rosengeranienöl, kbA Ab 7,70 EUR incl. 19 % UST exkl. Versandkosten Powered by First-Web * Gilt für Lieferungen Deutschland. Lieferzeiten für Länder Informationen Berechnung Liefertermins siehe </fragment> </item> <item> <fragment> Bay leaf, organic - Biofrid-Cosmetic GmbH &amp; Co. KG Herstellung Vertrieb diätetischen, kosmetischen pharmazeutischen Produkten » Home Login / Register | Your account | Shopping Cart | Cash box Search Literature Products Cosmetics Dietary Supplement Essential/fatty oils Shipping &amp; Returns Privacy Notice General terms and conditions Imprint Contact Right of revocation Standard withdrawal form Newsletter Biofrid Cosmetic GmbH &amp; Co.KG Hasseler Steinweg 9 27318 Hoya Postfach 1355 27316 Hoya Telefon 04251 9352-396 Telefax 04251 9352-290 Social Bookmarks [&lt;&lt;First] [&lt;Back] [Next&gt;] [last&gt;&gt;] 120 Articles this categorie Bay leaf, organic Volume: 5 ml Product No.: 93251 PZN: 1927845 Price: 10,50 EUR Price reg.: 210,00 EUR per 100 ml Weight: 0.05 Kg from 10,50 EUR incl. 19 % Tax excl. Shipping costs Shipping time: 3-7 working days* Origin: Bosnia-Herzegovina Type of product: Essential oil from controlled organic crops Description: It not without reason that during the antique period heroes were decorated with laurel wreaths as this plant has quite full bouquet containing diverse substances. It has all the qualities of fragrance we can grasp, with the top and middle notes being predominant. To us, the fragrance appears clarifying, stimulating and powerful. Note: These are volatile, highly concentrated oily substances obtained by different procedures e.g. water steam distillation or cold-pressing, from different plant elements. They are mostly clear and after having volatilized (except after cold-pressing) normally do not leave any visible traces. The products offered by Biofrid® are of high quality whose ingredients originate from controlled organic crops and contain 100% essential oil. Essential oils must be used very sparingly and consciously. They serve to fill room as well as improving the surrounding air with pleasant fragrance. Undiluted they must not come into contact with skin or mucous membranes, as this could cause irritation. Special caution must be exercised during pregnancy and the presence of children. Due to the numerous fragrances contained only one plant, genuine essential oils have very full bouquet to which great importance is attached regarding choice of the country of origin, and this is why the range is limited. In exceptional cases the supplier country is changed, e.g. where cases of supply shortage or crop failure could occur. Content: Laurus nobilis from leaves Customers who bought this product bought the following products: Palmarosa, organic from 5,90 EUR incl. 19 % Tax excl. Shipping costs Niaouli, organic from 7,00 EUR incl. 19 % Tax excl. Shipping costs Tea tree, organic from 6,90 EUR incl. 19 % Tax excl. Shipping costs Bergamotte, organic from 8,50 EUR incl. 19 % Tax excl. Shipping costs Cajeput, organic from 6,90 EUR incl. 19 % Tax excl. Shipping costs Rose geranium, organic from 7,70 EUR incl. 19 % Tax excl. Shipping costs Powered by First-Web * Gilt für Lieferungen Deutschland. Lieferzeiten für Länder Informationen Berechnung Liefertermins siehe </fragment> </item> <item> <fragment> Selen-Biofrid - Biofrid-Cosmetic GmbH &amp; Co. KG Herstellung Vertrieb diätetischen, kosmetischen pharmazeutischen Produkten » Startseite Login / Registrierung | Ihre persönliche Seite | Warenkorb | Kasse Suche Literatur Produkte Ätherische/fette Öle Kosmetik Nahrungsergänzung/erg.bil. Diät Liefer- Versandkosten Datenschutz Unsere AGB Impressum Kontakt Widerrufsrecht Widerrufsformular Newsletter Biofrid Cosmetic GmbH &amp; Co.KG Hasseler Steinweg 9 27318 Hoya Postfach 1355 27316 Hoya Telefon 04251 9352-396 Telefax 04251 9352-290 Social Bookmarks [weiter&gt;] [Letztes&gt;&gt;] 120 Artikel Kategorie Selen-Biofrid 100er 20er Inhalt: 20 Kapseln Art.Nr.: 96601 PZN: 4240988 Preis: 5,50 EUR PAngV: 67,90 EUR pro 100 Gramm Gewicht: 0.03 Kg 100 Kapseln Art.Nr.: 96607 PZN: 4241522 Preis: 15,90 EUR PAngV: 39,36 EUR pro 100 Gramm Gewicht: 0.08 Kg Ab 5,50 EUR incl. 7 % UST exkl. Versandkosten Lieferzeit: 3-7 Werktage* Nahrungsergänzungsmittel L-Selenomethionin Zutaten: Füllstoff Cellulose, Überzugsmittel Hydroxypropylmethylcellulose, Füllstoff Monocalciumphosphat, Trennmittel Magnesiumsalze Speisefettsäuren, L-Selenomethionin. Füllmenge: 8,1 (20 Kapseln) 40,4 (100 Kapseln) Verzehrempfehlung: täglich 1 Kapsel Mahlzeit verzehren Health Claim(s) Unterstützung Zellschutzes funktionsfähigen Immunsystems Verwertung Jod Produktion Schilddrüsenhormonen. Hinweis Selen zählt essentiellen Spurenelementen. Das Gruppe Chalkogene (Erzbildner) zählende Element findet Pflanzen vorzugsweise Form L-Selenomethionin. Im Körper Menschen 20 Milligramm Selen vorhanden. Die Hauptmenge Muskeln lokalisiert. Die höchsten Konzentrationen treten Leber, Niere Milz auf. Selen schützt Körperzellen oxidativen Schädigungen. Selen hilft freie Radikale abzufangen unterstützt Funktion Immunsystems. Der Körper braucht Selen für Verwertung Jod Produktion Schilddrüsenhormonen. Die angegebene empfohlene tägliche Verzehrmenge überschritten werden. Nahrungsergänzungsmittel Ersatz für ausgewogene abwechslungsreiche Ernährung gesunde Lebensweise verwendet werden. Bitte außerhalb Reichweite Kindern lagern. Nährstofftabelle: Nährstoff pro 100 pro Tag (1 Kapsel) % NRV *) Selen 7 mg 30 μg 55% *) Referenzmenge gemäß Lebensmittelinformationsverordnung Nährwerttabelle Brennwert 5,8 kJ/ 1,4 kcal 0 kJ/ 0 kcal Fett 0,2 0 * gesättigte Fettsäuren 0,2 0 Kohlenhydrate 0 0 * Zucker 0 0 Eiweiß 0 0 Salz 0 0 Allergene enthalten Hersteller: Sanum-Kehlbeck GmbH &amp; Co. KG, Hasseler Steinweg 9, 27318 Hoya Kunden, Artikel kauften, folgende Artikel gekauft: Nachtkerzenöl Kapseln Ab 10,20 EUR incl. 7 % UST exkl. Versandkosten Didier® Nachtkerzen-Vitamin E Lotion Ab 10,60 EUR incl. 19 % UST exkl. Versandkosten Didier® Hautcreme Germanium Ab 19,90 EUR incl. 19 % UST exkl. Versandkosten Fischöl Kapseln Biofrid Ab 10,70 EUR incl. 7 % UST exkl. Versandkosten Lavendelöl, kbA Ab 8,50 EUR incl. 19 % UST exkl. Versandkosten EPALIPID® Ab 17,50 EUR incl. 7 % UST exkl. Versandkosten Powered by First-Web * Gilt für Lieferungen Deutschland. Lieferzeiten für Länder Informationen Berechnung Liefertermins siehe </fragment> </item> <item> <fragment> Eukalyptusöl citriodora, kbA - Biofrid-Cosmetic GmbH &amp; Co. KG Herstellung Vertrieb diätetischen, kosmetischen pharmazeutischen Produkten » Startseite Login / Registrierung | Ihre persönliche Seite | Warenkorb | Kasse Suche Literatur Produkte Ätherische/fette Öle Kosmetik Nahrungsergänzung/erg.bil. Diät Liefer- Versandkosten Datenschutz Unsere AGB Impressum Kontakt Widerrufsrecht Widerrufsformular Newsletter Biofrid Cosmetic GmbH &amp; Co.KG Hasseler Steinweg 9 27318 Hoya Postfach 1355 27316 Hoya Telefon 04251 9352-396 Telefax 04251 9352-290 Social Bookmarks [&lt;&lt;Erstes] [&lt;zurück] [weiter&gt;] [Letztes&gt;&gt;] 120 Artikel Kategorie Eukalyptusöl citriodora, kbA Inhalt: 10 ml Art.Nr.: 93152 PZN: 1927880 Preis: 6,50 EUR PAngV: 65,00 EUR pro 100 ml Gewicht: 0.05 Kg Ab 6,50 EUR incl. 19 % UST exkl. Versandkosten Lieferzeit: 3-7 Werktage* Herkunft: Brasilien Art Produkts: Ätherisches Öl kontrolliert biologischem Anbau (kbA) Beschreibung: Eukalyptusöl erfrischenden belebenden Duft. Seine aktivierenden Inhaltsstoffe vertreiben Lustlosigkeit, wecken Lebensgeister fördern Konzentration geistige Wachheit. Hinweis: Unsere ätherischen fetten Öle kontrolliert biologischem Anbau (kbA) höchster Qualität. Es handelt flüchtige, hochkonzentrierte, ölige Substanzen, unterschiedlichen Herstellungsverfahren - Wasserdampfdestillation kalte Pressung - verschiedenen Pflanzenteilen gewonnen werden. Sie zumeist farblos hinterlassen Regel (außer Kaltpressung) sichtbaren Spuren, verflüchtigt haben. Diese ätherischen Öle 100% naturrein. Der Einsatz ätherischer Öle sparsam bewusst geschehen. Sie dienen Raumbeduftung Luftverbesserung. Sie dürfen unverdünnt Haut Schleimhäuten Kontakt gebracht werden, Reizungen führen können. In Schwangerschaft Kindern besondere Vorsicht geboten. Die angebotenen genuinen ätherischen Öle aufgrund Vielzahl einzigen Pflanze enthaltenen Duftstoffe umfassendes Bouquet. Darauf bezüglich Wahl Herkunftslandes Wert gelegt, Sortiment bewusst knapp gehalten. Aufgrund Lieferengpässen Ernteausfällen Ausnahmefällen Land gewechselt werden. Als Trägeröl bieten Jojobaöl an. Inhalt: Eucalyptus citriodora Blättern u. Zweigspitzen Kunden, Artikel kauften, folgende Artikel gekauft: Cajeputöl, kbA Ab 6,90 EUR incl. 19 % UST exkl. Versandkosten Bergamotteöl, kbA Ab 8,50 EUR incl. 19 % UST exkl. Versandkosten Arnica Creme Biofrid Ab 6,90 EUR incl. 19 % UST exkl. Versandkosten Ringelblumen Creme Biofrid Ab 6,90 EUR incl. 19 % UST exkl. Versandkosten Didier® Nachtkerzen-Vitamin E-Creme Ab 7,50 EUR incl. 19 % UST exkl. Versandkosten Teebaumöl, kbA Ab 6,90 EUR incl. 19 % UST exkl. Versandkosten Powered by First-Web * Gilt für Lieferungen Deutschland. Lieferzeiten für Länder Informationen Berechnung Liefertermins siehe </fragment> </item> <item> <fragment> Eucalyptus citriodora, organic - Biofrid-Cosmetic GmbH &amp; Co. KG Herstellung Vertrieb diätetischen, kosmetischen pharmazeutischen Produkten » Home Login / Register | Your account | Shopping Cart | Cash box Search Literature Products Cosmetics Dietary Supplement Essential/fatty oils Shipping &amp; Returns Privacy Notice General terms and conditions Imprint Contact Right of revocation Standard withdrawal form Newsletter Biofrid Cosmetic GmbH &amp; Co.KG Hasseler Steinweg 9 27318 Hoya Postfach 1355 27316 Hoya Telefon 04251 9352-396 Telefax 04251 9352-290 Social Bookmarks [&lt;&lt;First] [&lt;Back] [Next&gt;] [last&gt;&gt;] 120 Articles this categorie Eucalyptus citriodora, organic Volume: 10 ml Product No.: 93152 PZN: 1927880 Price: 6,50 EUR Price reg.: 65,00 EUR per 100 ml Weight: 0.05 Kg from 6,50 EUR incl. 19 % Tax excl. Shipping costs Shipping time: 3-7 working days* Origin: Brasil Type of product: Essential oil from controlled organic crops Description: The oil of eucalyptus has refreshing and vitalizing fragrance. Its activating ingredients drive away listlessness, energise and stimulate concentration and mental alertness. Note: These are volatile, highly concentrated oily substances obtained by different procedures e.g. water steam distillation or cold-pressing, from different plant elements. They are mostly clear and after having volatilized (except after cold-pressing) normally do not leave any visible traces. The products offered by Biofrid® are of high quality whose ingredients originate from controlled organic crops and contain 100% essential oil. Essential oils must be used very sparingly and consciously. They serve to fill room as well as improving the surrounding air with pleasant fragrance. Undiluted they must not come into contact with skin or mucous membranes, as this could cause irritation. Special caution must be exercised during pregnancy and the presence of children. Due to the numerous fragrances contained only one plant, genuine essential oils have very full bouquet to which great importance is attached regarding choice of the country of origin, and this is why the range is limited. In exceptional cases the supplier country is changed, e.g. where cases of supply shortage or crop failure could occur. Content: Eucalyptus citriodora from leaves and branch tips Customers who bought this product bought the following products: Cajeput, organic from 6,90 EUR incl. 19 % Tax excl. Shipping costs Bergamotte, organic from 8,50 EUR incl. 19 % Tax excl. Shipping costs Arnica Cream Biofrid from 6,90 EUR incl. 19 % Tax excl. Shipping costs Calendula Cream Biofrid from 6,90 EUR incl. 19 % Tax excl. Shipping costs Didier® Evening Primrose Vitamin E Creme from 7,50 EUR incl. 19 % Tax excl. Shipping costs Tea tree, organic from 6,90 EUR incl. 19 % Tax excl. Shipping costs Powered by First-Web * Gilt für Lieferungen Deutschland. Lieferzeiten für Länder Informationen Berechnung Liefertermins siehe </fragment> </item> <item> <fragment> Eukalyptusöl citriodora, kbA - Biofrid-Cosmetic GmbH &amp; Co. KG Herstellung Vertrieb diätetischen, kosmetischen pharmazeutischen Produkten » Startseite Login / Registrierung | Ihre persönliche Seite | Warenkorb | Kasse Suche Literatur Produkte Ätherische/fette Öle Kosmetik Nahrungsergänzung/erg.bil. Diät Liefer- Versandkosten Datenschutz Unsere AGB Impressum Kontakt Widerrufsrecht Widerrufsformular Newsletter Biofrid Cosmetic GmbH &amp; Co.KG Hasseler Steinweg 9 27318 Hoya Postfach 1355 27316 Hoya Telefon 04251 9352-396 Telefax 04251 9352-290 Social Bookmarks [&lt;&lt;Erstes] [&lt;zurück] [weiter&gt;] [Letztes&gt;&gt;] 120 Artikel Kategorie Eukalyptusöl citriodora, kbA Inhalt: 10 ml Art.Nr.: 93152 PZN: 1927880 Preis: 6,50 EUR PAngV: 65,00 EUR pro 100 ml Gewicht: 0.05 Kg Ab 6,50 EUR incl. 19 % UST exkl. Versandkosten Lieferzeit: 3-7 Werktage* Herkunft: Brasilien Art Produkts: Ätherisches Öl kontrolliert biologischem Anbau (kbA) Beschreibung: Eukalyptusöl erfrischenden belebenden Duft. Seine aktivierenden Inhaltsstoffe vertreiben Lustlosigkeit, wecken Lebensgeister fördern Konzentration geistige Wachheit. Hinweis: Unsere ätherischen fetten Öle kontrolliert biologischem Anbau (kbA) höchster Qualität. Es handelt flüchtige, hochkonzentrierte, ölige Substanzen, unterschiedlichen Herstellungsverfahren - Wasserdampfdestillation kalte Pressung - verschiedenen Pflanzenteilen gewonnen werden. Sie zumeist farblos hinterlassen Regel (außer Kaltpressung) sichtbaren Spuren, verflüchtigt haben. Diese ätherischen Öle 100% naturrein. Der Einsatz ätherischer Öle sparsam bewusst geschehen. Sie dienen Raumbeduftung Luftverbesserung. Sie dürfen unverdünnt Haut Schleimhäuten Kontakt gebracht werden, Reizungen führen können. In Schwangerschaft Kindern besondere Vorsicht geboten. Die angebotenen genuinen ätherischen Öle aufgrund Vielzahl einzigen Pflanze enthaltenen Duftstoffe umfassendes Bouquet. Darauf bezüglich Wahl Herkunftslandes Wert gelegt, Sortiment bewusst knapp gehalten. Aufgrund Lieferengpässen Ernteausfällen Ausnahmefällen Land gewechselt werden. Als Trägeröl bieten Jojobaöl an. Inhalt: Eucalyptus citriodora Blättern u. Zweigspitzen Kunden, Artikel kauften, folgende Artikel gekauft: Cajeputöl, kbA Ab 6,90 EUR incl. 19 % UST exkl. Versandkosten Bergamotteöl, kbA Ab 8,50 EUR incl. 19 % UST exkl. Versandkosten Arnica Creme Biofrid Ab 6,90 EUR incl. 19 % UST exkl. Versandkosten Ringelblumen Creme Biofrid Ab 6,90 EUR incl. 19 % UST exkl. Versandkosten Didier® Nachtkerzen-Vitamin E-Creme Ab 7,50 EUR incl. 19 % UST exkl. Versandkosten Teebaumöl, kbA Ab 6,90 EUR incl. 19 % UST exkl. Versandkosten Powered by First-Web * Gilt für Lieferungen Deutschland. Lieferzeiten für Länder Informationen Berechnung Liefertermins siehe </fragment> </item> <item> <fragment> Carnation, organic - Biofrid-Cosmetic GmbH &amp; Co. KG Herstellung Vertrieb diätetischen, kosmetischen pharmazeutischen Produkten » Home Login / Register | Your account | Shopping Cart | Cash box Search Literature Products Cosmetics Dietary Supplement Essential/fatty oils Shipping &amp; Returns Privacy Notice General terms and conditions Imprint Contact Right of revocation Standard withdrawal form Newsletter Biofrid Cosmetic GmbH &amp; Co.KG Hasseler Steinweg 9 27318 Hoya Postfach 1355 27316 Hoya Telefon 04251 9352-396 Telefax 04251 9352-290 Social Bookmarks [&lt;&lt;First] [&lt;Back] [Next&gt;] [last&gt;&gt;] 120 Articles this categorie Carnation, organic Volume: 5 ml Product No.: 93351 PZN: 6871983 Price: 5,90 EUR Price reg.: 118,00 EUR per 100 ml Weight: 0.05 Kg from 5,90 EUR incl. 19 % Tax excl. Shipping costs Shipping time: 3-7 working days* Origin: Sri Lanka Type of product: Essential oil from controlled organic crops Description: This essential oil obtained from the flower buds of the plant has spicy, acrid and sweetish fragrance. It not only has warming character which stimulates at the same time, but touches on emotions, making one think of spice shop. Note: These are volatile, highly concentrated oily substances obtained by different procedures e.g. water steam distillation or cold-pressing, from different plant elements. They are mostly clear and after having volatilized (except after cold-pressing) normally do not leave any visible traces. The products offered by Biofrid® are of high quality whose ingredients originate from controlled organic crops and contain 100% essential oil. Essential oils must be used very sparingly and consciously. They serve to fill room as well as improving the surrounding air with pleasant fragrance. Undiluted they must not come into contact with skin or mucous membranes, as this could cause irritation. Special caution must be exercised during pregnancy and the presence of children. Due to the numerous fragrances contained only one plant, genuine essential oils have very full bouquet to which great importance is attached regarding choice of the country of origin, and this is why the range is limited. In exceptional cases the supplier country is changed, e.g. where cases of supply shortage or crop failure could occur. Content: Syzygium aromaticum from blossoms Customers who bought this product bought the following products: Bergamotte, organic from 8,50 EUR incl. 19 % Tax excl. Shipping costs Thyme (linalol), organic from 11,40 EUR incl. 19 % Tax excl. Shipping costs Palmarosa, organic from 5,90 EUR incl. 19 % Tax excl. Shipping costs Rose geranium, organic from 7,70 EUR incl. 19 % Tax excl. Shipping costs Eucalyptus citriodora, organic from 6,50 EUR incl. 19 % Tax excl. Shipping costs Peppermint, organic from 9,70 EUR incl. 19 % Tax excl. Shipping costs Powered by First-Web * Gilt für Lieferungen Deutschland. Lieferzeiten für Länder Informationen Berechnung Liefertermins siehe </fragment> </item> <item> <fragment> Nelkenblütenöl, kbA - Biofrid-Cosmetic GmbH &amp; Co. KG Herstellung Vertrieb diätetischen, kosmetischen pharmazeutischen Produkten » Startseite Login / Registrierung | Ihre persönliche Seite | Warenkorb | Kasse Suche Literatur Produkte Ätherische/fette Öle Kosmetik Nahrungsergänzung/erg.bil. Diät Liefer- Versandkosten Datenschutz Unsere AGB Impressum Kontakt Widerrufsrecht Widerrufsformular Newsletter Biofrid Cosmetic GmbH &amp; Co.KG Hasseler Steinweg 9 27318 Hoya Postfach 1355 27316 Hoya Telefon 04251 9352-396 Telefax 04251 9352-290 Social Bookmarks [&lt;&lt;Erstes] [&lt;zurück] [weiter&gt;] [Letztes&gt;&gt;] 120 Artikel Kategorie Nelkenblütenöl, kbA Inhalt: 5 ml Art.Nr.: 93351 PZN: 6871983 Preis: 5,90 EUR PAngV: 118,00 EUR pro 100 ml Gewicht: 0.05 Kg Ab 5,90 EUR incl. 19 % UST exkl. Versandkosten Lieferzeit: 3-7 Werktage* Herkunft: Sri Lanka Art Produkts: Ätherisches Öl kontrolliert biologischem Anbau (kbA) Beschreibung: Das Blütenknospen Pflanze gewonnene ätherische Öl duftet würzig, scharf süßlich. Es erwärmenden Charakter, gleichzeitig anregend ist. Das spricht Gefühlsebene an, außerdem verbinden Duft Gewürzbäckereien. Hinweis: Unsere ätherischen fetten Öle kontrolliert biologischem Anbau (kbA) höchster Qualität. Es handelt flüchtige, hochkonzentrierte, ölige Substanzen, unterschiedlichen Herstellungsverfahren - Wasserdampfdestillation kalte Pressung - verschiedenen Pflanzenteilen gewonnen werden. Sie zumeist farblos hinterlassen Regel (außer Kaltpressung) sichtbaren Spuren, verflüchtigt haben. Diese ätherischen Öle 100% naturrein. Der Einsatz ätherischer Öle sparsam bewusst geschehen. Sie dienen Raumbeduftung Luftverbesserung. Sie dürfen unverdünnt Haut Schleimhäuten Kontakt gebracht werden, Reizungen führen können. In Schwangerschaft Kindern besondere Vorsicht geboten. Die angebotenen genuinen ätherischen Öle aufgrund Vielzahl einzigen Pflanze enthaltenen Duftstoffe umfassendes Bouquet. Darauf bezüglich Wahl Herkunftslandes Wert gelegt, Sortiment bewusst knapp gehalten. Aufgrund Lieferengpässen Ernteausfällen Ausnahmefällen Land gewechselt werden. Als Trägeröl bieten Jojobaöl an. Inhalt: Syzygium aromaticum Blüten Kunden, Artikel kauften, folgende Artikel gekauft: Bergamotteöl, kbA Ab 8,50 EUR incl. 19 % UST exkl. Versandkosten Thymianöl (linalol), kbA Ab 11,40 EUR incl. 19 % UST exkl. Versandkosten Palmarosaöl, kbA Ab 5,90 EUR incl. 19 % UST exkl. Versandkosten Rosengeranienöl, kbA Ab 7,70 EUR incl. 19 % UST exkl. Versandkosten Eukalyptusöl citriodora, kbA Ab 6,50 EUR incl. 19 % UST exkl. Versandkosten Pfefferminzöl, kbA Ab 9,70 EUR incl. 19 % UST exkl. Versandkosten Powered by First-Web * Gilt für Lieferungen Deutschland. Lieferzeiten für Länder Informationen Berechnung Liefertermins siehe </fragment> </item> <item> <fragment> Mandarin (red), organic - Biofrid-Cosmetic GmbH &amp; Co. KG Herstellung Vertrieb diätetischen, kosmetischen pharmazeutischen Produkten » Home Login / Register | Your account | Shopping Cart | Cash box Search Literature Products Cosmetics Dietary Supplement Essential/fatty oils Shipping &amp; Returns Privacy Notice General terms and conditions Imprint Contact Right of revocation Standard withdrawal form Newsletter Biofrid Cosmetic GmbH &amp; Co.KG Hasseler Steinweg 9 27318 Hoya Postfach 1355 27316 Hoya Telefon 04251 9352-396 Telefax 04251 9352-290 Social Bookmarks [&lt;&lt;First] [&lt;Back] [Next&gt;] [last&gt;&gt;] 120 Articles this categorie Mandarin (red), organic Volume: 10 ml Product No.: 93302 PZN: 6871977 Price: 7,70 EUR Price reg.: 77,00 EUR per 100 ml Weight: 0.05 Kg from 7,70 EUR incl. 19 % Tax excl. Shipping costs Shipping time: 3-7 working days* Origin: Italy Type of product: Essential oil from controlled organic crops Description: The essential oil is obtained from the peel of the ripe fruit and is cold-pressed. That is why it has such sweet, lovely and fruity bouquet. Children and older people especially love this fragrance because it is calming, at the same time amusing and refreshing. Note: These are volatile, highly concentrated oily substances obtained by different procedures e.g. water steam distillation or cold-pressing, from different plant elements. They are mostly clear and after having volatilized (except after cold-pressing) normally do not leave any visible traces. The products offered by Biofrid® are of high quality whose ingredients originate from controlled organic crops and contain 100% essential oil. Essential oils must be used very sparingly and consciously. They serve to fill room as well as improving the surrounding air with pleasant fragrance. Undiluted they must not come into contact with skin or mucous membranes, as this could cause irritation. Special caution must be exercised during pregnancy and the presence of children. Due to the numerous fragrances contained only one plant, genuine essential oils have very full bouquet to which great importance is attached regarding choice of the country of origin, and this is why the range is limited. In exceptional cases the supplier country is changed, e.g. where cases of supply shortage or crop failure could occur. Content: Citrus reticulate from fruit peel Customers who bought this product bought the following products: Didier® Evening Primrose Vitamin E Lotion from 10,60 EUR incl. 19 % Tax excl. Shipping costs Didier® Bath Pearls with Germanium from 19,90 EUR incl. 19 % Tax excl. Shipping costs Arginin-diet Biofrid from 11,90 EUR incl. 7 % Tax excl. Shipping costs Thyme (linalol), organic from 11,40 EUR incl. 19 % Tax excl. Shipping costs Niaouli, organic from 7,00 EUR incl. 19 % Tax excl. Shipping costs Tea tree, organic from 6,90 EUR incl. 19 % Tax excl. Shipping costs Powered by First-Web * Gilt für Lieferungen Deutschland. Lieferzeiten für Länder Informationen Berechnung Liefertermins siehe </fragment> </item> <item> <fragment> Mandarinenöl (rot) kbA - Biofrid-Cosmetic GmbH &amp; Co. KG Herstellung Vertrieb diätetischen, kosmetischen pharmazeutischen Produkten » Startseite Login / Registrierung | Ihre persönliche Seite | Warenkorb | Kasse Suche Literatur Produkte Ätherische/fette Öle Kosmetik Nahrungsergänzung/erg.bil. Diät Liefer- Versandkosten Datenschutz Unsere AGB Impressum Kontakt Widerrufsrecht Widerrufsformular Newsletter Biofrid Cosmetic GmbH &amp; Co.KG Hasseler Steinweg 9 27318 Hoya Postfach 1355 27316 Hoya Telefon 04251 9352-396 Telefax 04251 9352-290 Social Bookmarks [&lt;&lt;Erstes] [&lt;zurück] [weiter&gt;] [Letztes&gt;&gt;] 120 Artikel Kategorie Mandarinenöl (rot) kbA Inhalt: 10 ml Art.Nr.: 93302 PZN: 6871977 Preis: 7,70 EUR PAngV: 77,00 EUR pro 100 ml Gewicht: 0.05 Kg Ab 7,70 EUR incl. 19 % UST exkl. Versandkosten Lieferzeit: 3-7 Werktage* Herkunft: Italien Art Produkts: Ätherisches Öl kontrolliert biologischem Anbau (kbA) Beschreibung: Das ätherische Öl Kaltpressung Schale reifen Frucht gewonnen. Aus Grunde duftet süß, lieblich fruchtig. Kinder ältere Menschen lieben Duft sehr, beruhigend, gleichzeitig erheiternd erfrischend wirkt. Hinweis: Unsere ätherischen fetten Öle kontrolliert biologischem Anbau (kbA) höchster Qualität. Es handelt flüchtige, hochkonzentrierte, ölige Substanzen, unterschiedlichen Herstellungsverfahren - Wasserdampfdestillation kalte Pressung - verschiedenen Pflanzenteilen gewonnen werden. Sie zumeist farblos hinterlassen Regel (außer Kaltpressung) sichtbaren Spuren, verflüchtigt haben. Diese ätherischen Öle 100% naturrein. Der Einsatz ätherischer Öle sparsam bewusst geschehen. Sie dienen Raumbeduftung Luftverbesserung. Sie dürfen unverdünnt Haut Schleimhäuten Kontakt gebracht werden, Reizungen führen können. In Schwangerschaft Kindern besondere Vorsicht geboten. Die angebotenen genuinen ätherischen Öle aufgrund Vielzahl einzigen Pflanze enthaltenen Duftstoffe umfassendes Bouquet. Darauf bezüglich Wahl Herkunftslandes Wert gelegt, Sortiment bewusst knapp gehalten. Aufgrund Lieferengpässen Ernteausfällen Ausnahmefällen Land gewechselt werden. Als Trägeröl bieten Jojobaöl an. Inhalt: Citrus reticulata Fruchtschale Kunden, Artikel kauften, folgende Artikel gekauft: Didier® Nachtkerzen-Vitamin E Lotion Ab 10,60 EUR incl. 19 % UST exkl. Versandkosten Didier® Badeperlen Germanium Ab 19,90 EUR incl. 19 % UST exkl. Versandkosten Arginin-diet Biofrid Ab 11,90 EUR incl. 7 % UST exkl. Versandkosten Thymianöl (linalol), kbA Ab 11,40 EUR incl. 19 % UST exkl. Versandkosten Niaouliöl, kbA Ab 7,00 EUR incl. 19 % UST exkl. Versandkosten Teebaumöl, kbA Ab 6,90 EUR incl. 19 % UST exkl. Versandkosten Powered by First-Web * Gilt für Lieferungen Deutschland. Lieferzeiten für Länder Informationen Berechnung Liefertermins siehe </fragment> </item> <item> <fragment> Majoran, organic - Biofrid-Cosmetic GmbH &amp; Co. KG Herstellung Vertrieb diätetischen, kosmetischen pharmazeutischen Produkten » Home Login / Register | Your account | Shopping Cart | Cash box Search Literature Products Cosmetics Dietary Supplement Essential/fatty oils Shipping &amp; Returns Privacy Notice General terms and conditions Imprint Contact Right of revocation Standard withdrawal form Newsletter Biofrid Cosmetic GmbH &amp; Co.KG Hasseler Steinweg 9 27318 Hoya Postfach 1355 27316 Hoya Telefon 04251 9352-396 Telefax 04251 9352-290 Social Bookmarks [&lt;&lt;First] [&lt;Back] [Next&gt;] [last&gt;&gt;] 120 Articles this categorie Majoran, organic Volume: 5 ml Product No.: 93281 PZN: 1927851 Price: 6,90 EUR Price reg.: 138,00 EUR per 100 ml Weight: 0.05 Kg from 6,90 EUR incl. 19 % Tax excl. Shipping costs Shipping time: 3-7 working days* Origin: Egypt Type of product: Essential oil from controlled organic crops Description: This fragrance is uniquely spicy, warm and herbaceous. Its esters give us calming and relaxing feeling which is warming at the same time. Marjoran oil has very pleasant loosening fragrance. Note: These are volatile, highly concentrated oily substances obtained by different procedures e.g. water steam distillation or cold-pressing, from different plant elements. They are mostly clear and after having volatilized (except after cold-pressing) normally do not leave any visible traces. The products offered by Biofrid® are of high quality whose ingredients originate from controlled organic crops and contain 100% essential oil. Essential oils must be used very sparingly and consciously. They serve to fill room as well as improving the surrounding air with pleasant fragrance. Undiluted they must not come into contact with skin or mucous membranes, as this could cause irritation. Special caution must be exercised during pregnancy and the presence of children. Due to the numerous fragrances contained only one plant, genuine essential oils have very full bouquet to which great importance is attached regarding choice of the country of origin, and this is why the range is limited. In exceptional cases the supplier country is changed, e.g. where cases of supply shortage or crop failure could occur. Content: Organum majorana from leaves Customers who bought this product bought the following products: Didier® Skin Moisturising Cream with Germanium from 19,90 EUR incl. 19 % Tax excl. Shipping costs Didier® Evening Primrose Vitamin E Lotion from 10,60 EUR incl. 19 % Tax excl. Shipping costs Didier® Evening Primrose Vitamin E Creme from 7,50 EUR incl. 19 % Tax excl. Shipping costs Propolis Cream Biofrid from 6,90 EUR incl. 19 % Tax excl. Shipping costs Calendula Cream Biofrid from 6,90 EUR incl. 19 % Tax excl. Shipping costs Bergamotte, organic from 8,50 EUR incl. 19 % Tax excl. Shipping costs Powered by First-Web * Gilt für Lieferungen Deutschland. Lieferzeiten für Länder Informationen Berechnung Liefertermins siehe </fragment> </item> <item> <fragment> Majoranöl, kbA - Biofrid-Cosmetic GmbH &amp; Co. KG Herstellung Vertrieb diätetischen, kosmetischen pharmazeutischen Produkten » Startseite Login / Registrierung | Ihre persönliche Seite | Warenkorb | Kasse Suche Literatur Produkte Ätherische/fette Öle Kosmetik Nahrungsergänzung/erg.bil. Diät Liefer- Versandkosten Datenschutz Unsere AGB Impressum Kontakt Widerrufsrecht Widerrufsformular Newsletter Biofrid Cosmetic GmbH &amp; Co.KG Hasseler Steinweg 9 27318 Hoya Postfach 1355 27316 Hoya Telefon 04251 9352-396 Telefax 04251 9352-290 Social Bookmarks [&lt;&lt;Erstes] [&lt;zurück] [weiter&gt;] [Letztes&gt;&gt;] 120 Artikel Kategorie Majoranöl, kbA Inhalt: 5 ml Art.Nr.: 93281 PZN: 1927851 Preis: 6,90 EUR PAngV: 138,00 EUR pro 100 ml Gewicht: 0.05 Kg Ab 6,90 EUR incl. 19 % UST exkl. Versandkosten Lieferzeit: 3-7 Werktage* Herkunft: Ägypten Art Produkts: Ätherisches Öl kontrolliert biologischem Anbau (kbA) Beschreibung: Dieser Duft einzigartig würzig, warm krautig. Die enthaltenen Ester vermitteln beruhigenden entspannenden Eindruck, gleichzeitig wärmend ist. Das Majoranöl angenehme, lösende Duftnote. Hinweis: Unsere ätherischen fetten Öle kontrolliert biologischem Anbau (kbA) höchster Qualität. Es handelt flüchtige, hochkonzentrierte, ölige Substanzen, unterschiedlichen Herstellungsverfahren - Wasserdampfdestillation kalte Pressung - verschiedenen Pflanzenteilen gewonnen werden. Sie zumeist farblos hinterlassen Regel (außer Kaltpressung) sichtbaren Spuren, verflüchtigt haben. Diese ätherischen Öle 100% naturrein. Der Einsatz ätherischer Öle sparsam bewusst geschehen. Sie dienen Raumbeduftung Luftverbesserung. Sie dürfen unverdünnt Haut Schleimhäuten Kontakt gebracht werden, Reizungen führen können. In Schwangerschaft Kindern besondere Vorsicht geboten. Die angebotenen genuinen ätherischen Öle aufgrund Vielzahl einzigen Pflanze enthaltenen Duftstoffe umfassendes Bouquet. Darauf bezüglich Wahl Herkunftslandes Wert gelegt, Sortiment bewusst knapp gehalten. Aufgrund Lieferengpässen Ernteausfällen Ausnahmefällen Land gewechselt werden. Als Trägeröl bieten Jojobaöl an. Inhalt: Origanum majorana Kraut Kunden, Artikel kauften, folgende Artikel gekauft: Didier® Hautcreme Germanium Ab 19,90 EUR incl. 19 % UST exkl. Versandkosten Didier® Nachtkerzen-Vitamin E Lotion Ab 10,60 EUR incl. 19 % UST exkl. Versandkosten Didier® Nachtkerzen-Vitamin E-Creme Ab 7,50 EUR incl. 19 % UST exkl. Versandkosten Propolis Creme Biofrid Ab 6,90 EUR incl. 19 % UST exkl. Versandkosten Ringelblumen Creme Biofrid Ab 6,90 EUR incl. 19 % UST exkl. Versandkosten Bergamotteöl, kbA Ab 8,50 EUR incl. 19 % UST exkl. Versandkosten Powered by First-Web * Gilt für Lieferungen Deutschland. Lieferzeiten für Länder Informationen Berechnung Liefertermins siehe </fragment> </item> <item> <fragment> Bay leaf, organic - Biofrid-Cosmetic GmbH &amp; Co. KG Herstellung Vertrieb diätetischen, kosmetischen pharmazeutischen Produkten » Home Login / Register | Your account | Shopping Cart | Cash box Search Literature Products Cosmetics Dietary Supplement Essential/fatty oils Shipping &amp; Returns Privacy Notice General terms and conditions Imprint Contact Right of revocation Standard withdrawal form Newsletter Biofrid Cosmetic GmbH &amp; Co.KG Hasseler Steinweg 9 27318 Hoya Postfach 1355 27316 Hoya Telefon 04251 9352-396 Telefax 04251 9352-290 Social Bookmarks [&lt;&lt;First] [&lt;Back] [Next&gt;] [last&gt;&gt;] 120 Articles this categorie Bay leaf, organic Volume: 5 ml Product No.: 93251 PZN: 1927845 Price: 10,50 EUR Price reg.: 210,00 EUR per 100 ml Weight: 0.05 Kg from 10,50 EUR incl. 19 % Tax excl. Shipping costs Shipping time: 3-7 working days* Origin: Bosnia-Herzegovina Type of product: Essential oil from controlled organic crops Description: It not without reason that during the antique period heroes were decorated with laurel wreaths as this plant has quite full bouquet containing diverse substances. It has all the qualities of fragrance we can grasp, with the top and middle notes being predominant. To us, the fragrance appears clarifying, stimulating and powerful. Note: These are volatile, highly concentrated oily substances obtained by different procedures e.g. water steam distillation or cold-pressing, from different plant elements. They are mostly clear and after having volatilized (except after cold-pressing) normally do not leave any visible traces. The products offered by Biofrid® are of high quality whose ingredients originate from controlled organic crops and contain 100% essential oil. Essential oils must be used very sparingly and consciously. They serve to fill room as well as improving the surrounding air with pleasant fragrance. Undiluted they must not come into contact with skin or mucous membranes, as this could cause irritation. Special caution must be exercised during pregnancy and the presence of children. Due to the numerous fragrances contained only one plant, genuine essential oils have very full bouquet to which great importance is attached regarding choice of the country of origin, and this is why the range is limited. In exceptional cases the supplier country is changed, e.g. where cases of supply shortage or crop failure could occur. Content: Laurus nobilis from leaves Customers who bought this product bought the following products: Palmarosa, organic from 5,90 EUR incl. 19 % Tax excl. Shipping costs Niaouli, organic from 7,00 EUR incl. 19 % Tax excl. Shipping costs Tea tree, organic from 6,90 EUR incl. 19 % Tax excl. Shipping costs Bergamotte, organic from 8,50 EUR incl. 19 % Tax excl. Shipping costs Cajeput, organic from 6,90 EUR incl. 19 % Tax excl. Shipping costs Rose geranium, organic from 7,70 EUR incl. 19 % Tax excl. Shipping costs Powered by First-Web * Gilt für Lieferungen Deutschland. Lieferzeiten für Länder Informationen Berechnung Liefertermins siehe </fragment> </item> <item> <fragment> Lorbeerblätteröl, kbA - Biofrid-Cosmetic GmbH &amp; Co. KG Herstellung Vertrieb diätetischen, kosmetischen pharmazeutischen Produkten » Startseite Login / Registrierung | Ihre persönliche Seite | Warenkorb | Kasse Suche Literatur Produkte Ätherische/fette Öle Kosmetik Nahrungsergänzung/erg.bil. Diät Liefer- Versandkosten Datenschutz Unsere AGB Impressum Kontakt Widerrufsrecht Widerrufsformular Newsletter Biofrid Cosmetic GmbH &amp; Co.KG Hasseler Steinweg 9 27318 Hoya Postfach 1355 27316 Hoya Telefon 04251 9352-396 Telefax 04251 9352-290 Social Bookmarks [&lt;&lt;Erstes] [&lt;zurück] [weiter&gt;] [Letztes&gt;&gt;] 120 Artikel Kategorie Lorbeerblätteröl, kbA Inhalt: 5 ml Art.Nr.: 93251 PZN: 1927845 Preis: 10,50 EUR PAngV: 210,00 EUR pro 100 ml Gewicht: 0.05 Kg Ab 10,50 EUR incl. 19 % UST exkl. Versandkosten Lieferzeit: 3-7 Werktage* Herkunft: Bosnien-Herzegowina Art Produkts: Ätherisches Öl kontrolliert biologischem Anbau (kbA) Beschreibung: Nicht Grund Antike Helden Lorbeerkranz geschmückt,. Pflanze umfassendes Duftbouquet aufgrund enthaltenen vielfältigen Substanzen. Sie Duftqualitäten, erfassen können, wobei Kopf- Herznote überwiegen. Der Duft erscheint klärend, anregend kraftvoll. Hinweis: Unsere ätherischen fetten Öle kontrolliert biologischem Anbau (kbA) höchster Qualität. Es handelt flüchtige, hochkonzentrierte, ölige Substanzen, unterschiedlichen Herstellungsverfahren - Wasserdampfdestillation kalte Pressung - verschiedenen Pflanzenteilen gewonnen werden. Sie zumeist farblos hinterlassen Regel (außer Kaltpressung) sichtbaren Spuren, verflüchtigt haben. Diese ätherischen Öle 100% naturrein. Der Einsatz ätherischer Öle sparsam bewusst geschehen. Sie dienen Raumbeduftung Luftverbesserung. Sie dürfen unverdünnt Haut Schleimhäuten Kontakt gebracht werden, Reizungen führen können. In Schwangerschaft Kindern besondere Vorsicht geboten. Die angebotenen genuinen ätherischen Öle aufgrund Vielzahl einzigen Pflanze enthaltenen Duftstoffe umfassendes Bouquet. Darauf bezüglich Wahl Herkunftslandes Wert gelegt, Sortiment bewusst knapp gehalten. Aufgrund Lieferengpässen Ernteausfällen Ausnahmefällen Land gewechselt werden. Als Trägeröl bieten Jojobaöl an. Inhalt: Laurus nobilis L. Blättern Kunden, Artikel kauften, folgende Artikel gekauft: Palmarosaöl, kbA Ab 5,90 EUR incl. 19 % UST exkl. Versandkosten Niaouliöl, kbA Ab 7,00 EUR incl. 19 % UST exkl. Versandkosten Teebaumöl, kbA Ab 6,90 EUR incl. 19 % UST exkl. Versandkosten Bergamotteöl, kbA Ab 8,50 EUR incl. 19 % UST exkl. Versandkosten Cajeputöl, kbA Ab 6,90 EUR incl. 19 % UST exkl. Versandkosten Rosengeranienöl, kbA Ab 7,70 EUR incl. 19 % UST exkl. Versandkosten Powered by First-Web * Gilt für Lieferungen Deutschland. Lieferzeiten für Länder Informationen Berechnung Liefertermins siehe </fragment> </item> <item> <fragment> Jojoba, organic - Biofrid-Cosmetic GmbH &amp; Co. KG Herstellung Vertrieb diätetischen, kosmetischen pharmazeutischen Produkten » Home Login / Register | Your account | Shopping Cart | Cash box Search Literature Products Cosmetics Dietary Supplement Essential/fatty oils Shipping &amp; Returns Privacy Notice General terms and conditions Imprint Contact Right of revocation Standard withdrawal form Newsletter Biofrid Cosmetic GmbH &amp; Co.KG Hasseler Steinweg 9 27318 Hoya Postfach 1355 27316 Hoya Telefon 04251 9352-396 Telefax 04251 9352-290 Social Bookmarks [&lt;&lt;First] [&lt;Back] [Next&gt;] [last&gt;&gt;] 120 Articles this categorie Jojoba, organic Volume: 50 ml Product No.: 93956 PZN: 6872244 Price: 6,90 EUR Price reg.: 13,80 EUR per 100 ml Weight: 0.11 Kg from 6,90 EUR incl. 19 % Tax excl. Shipping costs Shipping time: 3-7 working days* Origin: Argentinia / Israel / Egypt Type of product: Fatty Oil from controlled organic crops (cold pressed) Description: Jojoba Oil is gained from the nuts of woody bush that grows semi-deserts. It conditions and maintains the skin’s moisture and is almost fragrance-free. Jojoba Oil contains vitamins A adn E and has natural UV protection factor of 3-4. On account of the wax-like character, Jojoba Oil does not become rancid and has long life. Due to these positive characteristics, Jojoba Oil is suitable as base oil and for diluting with essential oils. Our essential oils, which are 100% pure, are products of oustanding quality from controlled organic crop. Content: Simmondsia chinensis from nuts Customers who bought this product bought the following products: Didier® Skin Moisturising Cream with Germanium from 19,90 EUR incl. 19 % Tax excl. Shipping costs RMS Biofrid from 18,00 EUR incl. 7 % Tax excl. Shipping costs Tea tree, organic from 6,90 EUR incl. 19 % Tax excl. Shipping costs Bergamotte, organic from 8,50 EUR incl. 19 % Tax excl. Shipping costs Thyme (linalol), organic from 11,40 EUR incl. 19 % Tax excl. Shipping costs Rose geranium, organic from 7,70 EUR incl. 19 % Tax excl. Shipping costs Powered by First-Web * Gilt für Lieferungen Deutschland. Lieferzeiten für Länder Informationen Berechnung Liefertermins siehe </fragment> </item> <item> <fragment> Jojobaöl, kbA - Biofrid-Cosmetic GmbH &amp; Co. KG Herstellung Vertrieb diätetischen, kosmetischen pharmazeutischen Produkten » Startseite Login / Registrierung | Ihre persönliche Seite | Warenkorb | Kasse Suche Literatur Produkte Ätherische/fette Öle Kosmetik Nahrungsergänzung/erg.bil. Diät Liefer- Versandkosten Datenschutz Unsere AGB Impressum Kontakt Widerrufsrecht Widerrufsformular Newsletter Biofrid Cosmetic GmbH &amp; Co.KG Hasseler Steinweg 9 27318 Hoya Postfach 1355 27316 Hoya Telefon 04251 9352-396 Telefax 04251 9352-290 Social Bookmarks [&lt;&lt;Erstes] [&lt;zurück] [weiter&gt;] [Letztes&gt;&gt;] 120 Artikel Kategorie Jojobaöl, kbA Inhalt: 50 ml Art.Nr.: 93956 PZN: 6872244 Preis: 6,90 EUR PAngV: 13,80 EUR pro 100 ml Gewicht: 0.11 Kg Ab 6,90 EUR incl. 19 % UST exkl. Versandkosten Lieferzeit: 3-7 Werktage* Herkunft: Argentinien / Israel / Ägypten Art Produkts: Fettes Öl kontrolliert biologischem Anbau (kalt gepreßt) Beschreibung: Jojobaöl Nüssen holzigen Strauches gewonnen, Halbwüsten wächst. Es pflegt, erhält Hautfeuchtigkeit fast geruchsneutral. Jojobaöl enthält Vitamin A E Lichtschutzfaktor 3-4. Aufgrund wachsartigen Charakters Jojobaöl ranzig zeichnet Haltbarkeit aus. Seine positiven Eigenschaften hervorragenden (Träger-) Öl Kosmetik gemacht. Inhalt: Simmondsia chinensis Nüssen Kunden, Artikel kauften, folgende Artikel gekauft: Didier® Hautcreme Germanium Ab 19,90 EUR incl. 19 % UST exkl. Versandkosten RMS Biofrid Ab 18,00 EUR incl. 7 % UST exkl. Versandkosten Teebaumöl, kbA Ab 6,90 EUR incl. 19 % UST exkl. Versandkosten Bergamotteöl, kbA Ab 8,50 EUR incl. 19 % UST exkl. Versandkosten Thymianöl (linalol), kbA Ab 11,40 EUR incl. 19 % UST exkl. Versandkosten Rosengeranienöl, kbA Ab 7,70 EUR incl. 19 % UST exkl. Versandkosten Powered by First-Web * Gilt für Lieferungen Deutschland. Lieferzeiten für Länder Informationen Berechnung Liefertermins siehe </fragment> </item> <item> <fragment> Lavender, organic - Biofrid-Cosmetic GmbH &amp; Co. KG Herstellung Vertrieb diätetischen, kosmetischen pharmazeutischen Produkten » Home Login / Register | Your account | Shopping Cart | Cash box Search Literature Products Cosmetics Dietary Supplement Essential/fatty oils Shipping &amp; Returns Privacy Notice General terms and conditions Imprint Contact Right of revocation Standard withdrawal form Newsletter Biofrid Cosmetic GmbH &amp; Co.KG Hasseler Steinweg 9 27318 Hoya Postfach 1355 27316 Hoya Telefon 04251 9352-396 Telefax 04251 9352-290 Social Bookmarks [&lt;&lt;First] [&lt;Back] [Next&gt;] [last&gt;&gt;] 120 Articles this categorie Lavender, organic Volume: 10 ml Product No.: 93202 PZN: 6871960 Price: 8,50 EUR Price reg.: 85,00 EUR per 100 ml Weight: 0.05 Kg from 8,50 EUR incl. 19 % Tax excl. Shipping costs Shipping time: 3-7 working days* Origin: Bulgaria Type of product: Essential oil from controlled organic crops Description: The most known classical aromatherapy oil. It has fresh herbaceous flowery fragrance, giving balancing and harmonizing effect. In combination with other oils, it can lead to wonderful harmony of the fragrance mixtures. Note: These are volatile, highly concentrated oily substances obtained by different procedures e.g. water steam distillation or cold-pressing, from different plant elements. They are mostly clear and after having volatilized (except after cold-pressing) normally do not leave any visible traces. The products offered by Biofrid® are of high quality whose ingredients originate from controlled organic crops and contain 100% essential oil. Essential oils must be used very sparingly and consciously. They serve to fill room as well as improving the surrounding air with pleasant fragrance. Undiluted they must not come into contact with skin or mucous membranes, as this could cause irritation. Special caution must be exercised during pregnancy and the presence of children. Due to the numerous fragrances contained only one plant, genuine essential oils have very full bouquet to which great importance is attached regarding choice of the country of origin, and this is why the range is limited. In exceptional cases the supplier country is changed, e.g. where cases of supply shortage or crop failure could occur. Content: Customers who bought this product bought the following products: Didier® Bath Pearls with Germanium from 19,90 EUR incl. 19 % Tax excl. Shipping costs Arginin-diet Biofrid from 11,90 EUR incl. 7 % Tax excl. Shipping costs Didier® Skin Moisturising Cream with Germanium from 19,90 EUR incl. 19 % Tax excl. Shipping costs RMS Biofrid from 18,00 EUR incl. 7 % Tax excl. Shipping costs Selen-Biofrid from 5,50 EUR incl. 7 % Tax excl. Shipping costs Palmarosa, organic from 5,90 EUR incl. 19 % Tax excl. Shipping costs Powered by First-Web * Gilt für Lieferungen Deutschland. Lieferzeiten für Länder Informationen Berechnung Liefertermins siehe </fragment> </item> <item> <fragment> Lavendelöl, kbA - Biofrid-Cosmetic GmbH &amp; Co. KG Herstellung Vertrieb diätetischen, kosmetischen pharmazeutischen Produkten » Startseite Login / Registrierung | Ihre persönliche Seite | Warenkorb | Kasse Suche Literatur Produkte Ätherische/fette Öle Kosmetik Nahrungsergänzung/erg.bil. Diät Liefer- Versandkosten Datenschutz Unsere AGB Impressum Kontakt Widerrufsrecht Widerrufsformular Newsletter Biofrid Cosmetic GmbH &amp; Co.KG Hasseler Steinweg 9 27318 Hoya Postfach 1355 27316 Hoya Telefon 04251 9352-396 Telefax 04251 9352-290 Social Bookmarks [&lt;&lt;Erstes] [&lt;zurück] [weiter&gt;] [Letztes&gt;&gt;] 120 Artikel Kategorie Lavendelöl, kbA Inhalt: 10 ml Art.Nr.: 93202 PZN: 6871960 Preis: 8,50 EUR PAngV: 85,00 EUR pro 100 ml Gewicht: 0.05 Kg Ab 8,50 EUR incl. 19 % UST exkl. Versandkosten Lieferzeit: 3-7 Werktage* Herkunft: Bulgarien Art Produkts: Ätherisches Öl kontrolliert biologischem Anbau (kbA) Beschreibung: Das bekannteste klassische Duftöl frischen, krautig-blumigen Duft, wirkt ausgleichend harmonisierend Kombination Ölen wunderbaren Harmonisierung Duftmischungen führen. Hinweis: nsere ätherischen fetten Öle kontrolliert biologischem Anbau (kbA) höchster Qualität. Es handelt flüchtige, hochkonzentrierte, ölige Substanzen, unterschiedlichen Herstellungsverfahren - Wasserdampfdestillation kalte Pressung - verschiedenen Pflanzenteilen gewonnen werden. Sie zumeist farblos hinterlassen Regel (außer Kaltpressung) sichtbaren Spuren, verflüchtigt haben. Diese ätherischen Öle 100% naturrein. Der Einsatz ätherischer Öle sparsam bewusst geschehen. Sie dienen Raumbeduftung Luftverbesserung. Sie dürfen unverdünnt Haut Schleimhäuten Kontakt gebracht werden, Reizungen führen können. In Schwangerschaft Kindern besondere Vorsicht geboten. Die angebotenen genuinen ätherischen Öle aufgrund Vielzahl einzigen Pflanze enthaltenen Duftstoffe umfassendes Bouquet. Darauf bezüglich Wahl Herkunftslandes Wert gelegt, Sortiment bewusst knapp gehalten. Aufgrund Lieferengpässen Ernteausfällen Ausnahmefällen Land gewechselt werden. Als Trägeröl bieten Jojobaöl an. Inhalt: Lavandula angustifolia Blütenrispen Kunden, Artikel kauften, folgende Artikel gekauft: Didier® Badeperlen Germanium Ab 19,90 EUR incl. 19 % UST exkl. Versandkosten Arginin-diet Biofrid Ab 11,90 EUR incl. 7 % UST exkl. Versandkosten Didier® Hautcreme Germanium Ab 19,90 EUR incl. 19 % UST exkl. Versandkosten RMS Biofrid Ab 18,00 EUR incl. 7 % UST exkl. Versandkosten Selen-Biofrid Ab 5,50 EUR incl. 7 % UST exkl. Versandkosten Palmarosaöl, kbA Ab 5,90 EUR incl. 19 % UST exkl. Versandkosten Powered by First-Web * Gilt für Lieferungen Deutschland. Lieferzeiten für Länder Informationen Berechnung Liefertermins siehe </fragment> </item> <item> <fragment> Eucalyptus citriodora, organic - Biofrid-Cosmetic GmbH &amp; Co. KG Herstellung Vertrieb diätetischen, kosmetischen pharmazeutischen Produkten » Home Login / Register | Your account | Shopping Cart | Cash box Search Literature Products Cosmetics Dietary Supplement Essential/fatty oils Shipping &amp; Returns Privacy Notice General terms and conditions Imprint Contact Right of revocation Standard withdrawal form Newsletter Biofrid Cosmetic GmbH &amp; Co.KG Hasseler Steinweg 9 27318 Hoya Postfach 1355 27316 Hoya Telefon 04251 9352-396 Telefax 04251 9352-290 Social Bookmarks [&lt;&lt;First] [&lt;Back] [Next&gt;] [last&gt;&gt;] 120 Articles this categorie Eucalyptus citriodora, organic Volume: 10 ml Product No.: 93152 PZN: 1927880 Price: 6,50 EUR Price reg.: 65,00 EUR per 100 ml Weight: 0.05 Kg from 6,50 EUR incl. 19 % Tax excl. Shipping costs Shipping time: 3-7 working days* Origin: Brasil Type of product: Essential oil from controlled organic crops Description: The oil of eucalyptus has refreshing and vitalizing fragrance. Its activating ingredients drive away listlessness, energise and stimulate concentration and mental alertness. Note: These are volatile, highly concentrated oily substances obtained by different procedures e.g. water steam distillation or cold-pressing, from different plant elements. They are mostly clear and after having volatilized (except after cold-pressing) normally do not leave any visible traces. The products offered by Biofrid® are of high quality whose ingredients originate from controlled organic crops and contain 100% essential oil. Essential oils must be used very sparingly and consciously. They serve to fill room as well as improving the surrounding air with pleasant fragrance. Undiluted they must not come into contact with skin or mucous membranes, as this could cause irritation. Special caution must be exercised during pregnancy and the presence of children. Due to the numerous fragrances contained only one plant, genuine essential oils have very full bouquet to which great importance is attached regarding choice of the country of origin, and this is why the range is limited. In exceptional cases the supplier country is changed, e.g. where cases of supply shortage or crop failure could occur. Content: Eucalyptus citriodora from leaves and branch tips Customers who bought this product bought the following products: Cajeput, organic from 6,90 EUR incl. 19 % Tax excl. Shipping costs Bergamotte, organic from 8,50 EUR incl. 19 % Tax excl. Shipping costs Arnica Cream Biofrid from 6,90 EUR incl. 19 % Tax excl. Shipping costs Calendula Cream Biofrid from 6,90 EUR incl. 19 % Tax excl. Shipping costs Didier® Evening Primrose Vitamin E Creme from 7,50 EUR incl. 19 % Tax excl. Shipping costs Tea tree, organic from 6,90 EUR incl. 19 % Tax excl. Shipping costs Powered by First-Web * Gilt für Lieferungen Deutschland. Lieferzeiten für Länder Informationen Berechnung Liefertermins siehe </fragment> </item> <item> <fragment> Eukalyptusöl citriodora, kbA - Biofrid-Cosmetic GmbH &amp; Co. KG Herstellung Vertrieb diätetischen, kosmetischen pharmazeutischen Produkten » Startseite Login / Registrierung | Ihre persönliche Seite | Warenkorb | Kasse Suche Literatur Produkte Ätherische/fette Öle Kosmetik Nahrungsergänzung/erg.bil. Diät Liefer- Versandkosten Datenschutz Unsere AGB Impressum Kontakt Widerrufsrecht Widerrufsformular Newsletter Biofrid Cosmetic GmbH &amp; Co.KG Hasseler Steinweg 9 27318 Hoya Postfach 1355 27316 Hoya Telefon 04251 9352-396 Telefax 04251 9352-290 Social Bookmarks [&lt;&lt;Erstes] [&lt;zurück] [weiter&gt;] [Letztes&gt;&gt;] 120 Artikel Kategorie Eukalyptusöl citriodora, kbA Inhalt: 10 ml Art.Nr.: 93152 PZN: 1927880 Preis: 6,50 EUR PAngV: 65,00 EUR pro 100 ml Gewicht: 0.05 Kg Ab 6,50 EUR incl. 19 % UST exkl. Versandkosten Lieferzeit: 3-7 Werktage* Herkunft: Brasilien Art Produkts: Ätherisches Öl kontrolliert biologischem Anbau (kbA) Beschreibung: Eukalyptusöl erfrischenden belebenden Duft. Seine aktivierenden Inhaltsstoffe vertreiben Lustlosigkeit, wecken Lebensgeister fördern Konzentration geistige Wachheit. Hinweis: Unsere ätherischen fetten Öle kontrolliert biologischem Anbau (kbA) höchster Qualität. Es handelt flüchtige, hochkonzentrierte, ölige Substanzen, unterschiedlichen Herstellungsverfahren - Wasserdampfdestillation kalte Pressung - verschiedenen Pflanzenteilen gewonnen werden. Sie zumeist farblos hinterlassen Regel (außer Kaltpressung) sichtbaren Spuren, verflüchtigt haben. Diese ätherischen Öle 100% naturrein. Der Einsatz ätherischer Öle sparsam bewusst geschehen. Sie dienen Raumbeduftung Luftverbesserung. Sie dürfen unverdünnt Haut Schleimhäuten Kontakt gebracht werden, Reizungen führen können. In Schwangerschaft Kindern besondere Vorsicht geboten. Die angebotenen genuinen ätherischen Öle aufgrund Vielzahl einzigen Pflanze enthaltenen Duftstoffe umfassendes Bouquet. Darauf bezüglich Wahl Herkunftslandes Wert gelegt, Sortiment bewusst knapp gehalten. Aufgrund Lieferengpässen Ernteausfällen Ausnahmefällen Land gewechselt werden. Als Trägeröl bieten Jojobaöl an. Inhalt: Eucalyptus citriodora Blättern u. Zweigspitzen Kunden, Artikel kauften, folgende Artikel gekauft: Cajeputöl, kbA Ab 6,90 EUR incl. 19 % UST exkl. Versandkosten Bergamotteöl, kbA Ab 8,50 EUR incl. 19 % UST exkl. Versandkosten Arnica Creme Biofrid Ab 6,90 EUR incl. 19 % UST exkl. Versandkosten Ringelblumen Creme Biofrid Ab 6,90 EUR incl. 19 % UST exkl. Versandkosten Didier® Nachtkerzen-Vitamin E-Creme Ab 7,50 EUR incl. 19 % UST exkl. Versandkosten Teebaumöl, kbA Ab 6,90 EUR incl. 19 % UST exkl. Versandkosten Powered by First-Web * Gilt für Lieferungen Deutschland. Lieferzeiten für Länder Informationen Berechnung Liefertermins siehe </fragment> </item> <item> <fragment> Lorbeerblätteröl, kbA - Biofrid-Cosmetic GmbH &amp; Co. KG Herstellung Vertrieb diätetischen, kosmetischen pharmazeutischen Produkten » Startseite Login / Registrierung | Ihre persönliche Seite | Warenkorb | Kasse Suche Literatur Produkte Ätherische/fette Öle Kosmetik Nahrungsergänzung/erg.bil. Diät Liefer- Versandkosten Datenschutz Unsere AGB Impressum Kontakt Widerrufsrecht Widerrufsformular Newsletter Biofrid Cosmetic GmbH &amp; Co.KG Hasseler Steinweg 9 27318 Hoya Postfach 1355 27316 Hoya Telefon 04251 9352-396 Telefax 04251 9352-290 Social Bookmarks [&lt;&lt;Erstes] [&lt;zurück] [weiter&gt;] [Letztes&gt;&gt;] 120 Artikel Kategorie Lorbeerblätteröl, kbA Inhalt: 5 ml Art.Nr.: 93251 PZN: 1927845 Preis: 10,50 EUR PAngV: 210,00 EUR pro 100 ml Gewicht: 0.05 Kg Ab 10,50 EUR incl. 19 % UST exkl. Versandkosten Lieferzeit: 3-7 Werktage* Herkunft: Bosnien-Herzegowina Art Produkts: Ätherisches Öl kontrolliert biologischem Anbau (kbA) Beschreibung: Nicht Grund Antike Helden Lorbeerkranz geschmückt,. Pflanze umfassendes Duftbouquet aufgrund enthaltenen vielfältigen Substanzen. Sie Duftqualitäten, erfassen können, wobei Kopf- Herznote überwiegen. Der Duft erscheint klärend, anregend kraftvoll. Hinweis: Unsere ätherischen fetten Öle kontrolliert biologischem Anbau (kbA) höchster Qualität. Es handelt flüchtige, hochkonzentrierte, ölige Substanzen, unterschiedlichen Herstellungsverfahren - Wasserdampfdestillation kalte Pressung - verschiedenen Pflanzenteilen gewonnen werden. Sie zumeist farblos hinterlassen Regel (außer Kaltpressung) sichtbaren Spuren, verflüchtigt haben. Diese ätherischen Öle 100% naturrein. Der Einsatz ätherischer Öle sparsam bewusst geschehen. Sie dienen Raumbeduftung Luftverbesserung. Sie dürfen unverdünnt Haut Schleimhäuten Kontakt gebracht werden, Reizungen führen können. In Schwangerschaft Kindern besondere Vorsicht geboten. Die angebotenen genuinen ätherischen Öle aufgrund Vielzahl einzigen Pflanze enthaltenen Duftstoffe umfassendes Bouquet. Darauf bezüglich Wahl Herkunftslandes Wert gelegt, Sortiment bewusst knapp gehalten. Aufgrund Lieferengpässen Ernteausfällen Ausnahmefällen Land gewechselt werden. Als Trägeröl bieten Jojobaöl an. Inhalt: Laurus nobilis L. Blättern Kunden, Artikel kauften, folgende Artikel gekauft: Palmarosaöl, kbA Ab 5,90 EUR incl. 19 % UST exkl. Versandkosten Niaouliöl, kbA Ab 7,00 EUR incl. 19 % UST exkl. Versandkosten Teebaumöl, kbA Ab 6,90 EUR incl. 19 % UST exkl. Versandkosten Bergamotteöl, kbA Ab 8,50 EUR incl. 19 % UST exkl. Versandkosten Cajeputöl, kbA Ab 6,90 EUR incl. 19 % UST exkl. Versandkosten Rosengeranienöl, kbA Ab 7,70 EUR incl. 19 % UST exkl. Versandkosten Powered by First-Web * Gilt für Lieferungen Deutschland. Lieferzeiten für Länder Informationen Berechnung Liefertermins siehe </fragment> </item> <item> <fragment> Majoran, organic - Biofrid-Cosmetic GmbH &amp; Co. KG Herstellung Vertrieb diätetischen, kosmetischen pharmazeutischen Produkten » Home Login / Register | Your account | Shopping Cart | Cash box Search Literature Products Cosmetics Dietary Supplement Essential/fatty oils Shipping &amp; Returns Privacy Notice General terms and conditions Imprint Contact Right of revocation Standard withdrawal form Newsletter Biofrid Cosmetic GmbH &amp; Co.KG Hasseler Steinweg 9 27318 Hoya Postfach 1355 27316 Hoya Telefon 04251 9352-396 Telefax 04251 9352-290 Social Bookmarks [&lt;&lt;First] [&lt;Back] [Next&gt;] [last&gt;&gt;] 120 Articles this categorie Majoran, organic Volume: 5 ml Product No.: 93281 PZN: 1927851 Price: 6,90 EUR Price reg.: 138,00 EUR per 100 ml Weight: 0.05 Kg from 6,90 EUR incl. 19 % Tax excl. Shipping costs Shipping time: 3-7 working days* Origin: Egypt Type of product: Essential oil from controlled organic crops Description: This fragrance is uniquely spicy, warm and herbaceous. Its esters give us calming and relaxing feeling which is warming at the same time. Marjoran oil has very pleasant loosening fragrance. Note: These are volatile, highly concentrated oily substances obtained by different procedures e.g. water steam distillation or cold-pressing, from different plant elements. They are mostly clear and after having volatilized (except after cold-pressing) normally do not leave any visible traces. The products offered by Biofrid® are of high quality whose ingredients originate from controlled organic crops and contain 100% essential oil. Essential oils must be used very sparingly and consciously. They serve to fill room as well as improving the surrounding air with pleasant fragrance. Undiluted they must not come into contact with skin or mucous membranes, as this could cause irritation. Special caution must be exercised during pregnancy and the presence of children. Due to the numerous fragrances contained only one plant, genuine essential oils have very full bouquet to which great importance is attached regarding choice of the country of origin, and this is why the range is limited. In exceptional cases the supplier country is changed, e.g. where cases of supply shortage or crop failure could occur. Content: Organum majorana from leaves Customers who bought this product bought the following products: Didier® Skin Moisturising Cream with Germanium from 19,90 EUR incl. 19 % Tax excl. Shipping costs Didier® Evening Primrose Vitamin E Lotion from 10,60 EUR incl. 19 % Tax excl. Shipping costs Didier® Evening Primrose Vitamin E Creme from 7,50 EUR incl. 19 % Tax excl. Shipping costs Propolis Cream Biofrid from 6,90 EUR incl. 19 % Tax excl. Shipping costs Calendula Cream Biofrid from 6,90 EUR incl. 19 % Tax excl. Shipping costs Bergamotte, organic from 8,50 EUR incl. 19 % Tax excl. Shipping costs Powered by First-Web * Gilt für Lieferungen Deutschland. Lieferzeiten für Länder Informationen Berechnung Liefertermins siehe </fragment> </item> <item> <fragment> Majoranöl, kbA - Biofrid-Cosmetic GmbH &amp; Co. KG Herstellung Vertrieb diätetischen, kosmetischen pharmazeutischen Produkten » Startseite Login / Registrierung | Ihre persönliche Seite | Warenkorb | Kasse Suche Literatur Produkte Ätherische/fette Öle Kosmetik Nahrungsergänzung/erg.bil. Diät Liefer- Versandkosten Datenschutz Unsere AGB Impressum Kontakt Widerrufsrecht Widerrufsformular Newsletter Biofrid Cosmetic GmbH &amp; Co.KG Hasseler Steinweg 9 27318 Hoya Postfach 1355 27316 Hoya Telefon 04251 9352-396 Telefax 04251 9352-290 Social Bookmarks [&lt;&lt;Erstes] [&lt;zurück] [weiter&gt;] [Letztes&gt;&gt;] 120 Artikel Kategorie Majoranöl, kbA Inhalt: 5 ml Art.Nr.: 93281 PZN: 1927851 Preis: 6,90 EUR PAngV: 138,00 EUR pro 100 ml Gewicht: 0.05 Kg Ab 6,90 EUR incl. 19 % UST exkl. Versandkosten Lieferzeit: 3-7 Werktage* Herkunft: Ägypten Art Produkts: Ätherisches Öl kontrolliert biologischem Anbau (kbA) Beschreibung: Dieser Duft einzigartig würzig, warm krautig. Die enthaltenen Ester vermitteln beruhigenden entspannenden Eindruck, gleichzeitig wärmend ist. Das Majoranöl angenehme, lösende Duftnote. Hinweis: Unsere ätherischen fetten Öle kontrolliert biologischem Anbau (kbA) höchster Qualität. Es handelt flüchtige, hochkonzentrierte, ölige Substanzen, unterschiedlichen Herstellungsverfahren - Wasserdampfdestillation kalte Pressung - verschiedenen Pflanzenteilen gewonnen werden. Sie zumeist farblos hinterlassen Regel (außer Kaltpressung) sichtbaren Spuren, verflüchtigt haben. Diese ätherischen Öle 100% naturrein. Der Einsatz ätherischer Öle sparsam bewusst geschehen. Sie dienen Raumbeduftung Luftverbesserung. Sie dürfen unverdünnt Haut Schleimhäuten Kontakt gebracht werden, Reizungen führen können. In Schwangerschaft Kindern besondere Vorsicht geboten. Die angebotenen genuinen ätherischen Öle aufgrund Vielzahl einzigen Pflanze enthaltenen Duftstoffe umfassendes Bouquet. Darauf bezüglich Wahl Herkunftslandes Wert gelegt, Sortiment bewusst knapp gehalten. Aufgrund Lieferengpässen Ernteausfällen Ausnahmefällen Land gewechselt werden. Als Trägeröl bieten Jojobaöl an. Inhalt: Origanum majorana Kraut Kunden, Artikel kauften, folgende Artikel gekauft: Didier® Hautcreme Germanium Ab 19,90 EUR incl. 19 % UST exkl. Versandkosten Didier® Nachtkerzen-Vitamin E Lotion Ab 10,60 EUR incl. 19 % UST exkl. Versandkosten Didier® Nachtkerzen-Vitamin E-Creme Ab 7,50 EUR incl. 19 % UST exkl. Versandkosten Propolis Creme Biofrid Ab 6,90 EUR incl. 19 % UST exkl. Versandkosten Ringelblumen Creme Biofrid Ab 6,90 EUR incl. 19 % UST exkl. Versandkosten Bergamotteöl, kbA Ab 8,50 EUR incl. 19 % UST exkl. Versandkosten Powered by First-Web * Gilt für Lieferungen Deutschland. Lieferzeiten für Länder Informationen Berechnung Liefertermins siehe </fragment> </item> <item> <fragment> Mandarin (red), organic - Biofrid-Cosmetic GmbH &amp; Co. KG Herstellung Vertrieb diätetischen, kosmetischen pharmazeutischen Produkten » Home Login / Register | Your account | Shopping Cart | Cash box Search Literature Products Cosmetics Dietary Supplement Essential/fatty oils Shipping &amp; Returns Privacy Notice General terms and conditions Imprint Contact Right of revocation Standard withdrawal form Newsletter Biofrid Cosmetic GmbH &amp; Co.KG Hasseler Steinweg 9 27318 Hoya Postfach 1355 27316 Hoya Telefon 04251 9352-396 Telefax 04251 9352-290 Social Bookmarks [&lt;&lt;First] [&lt;Back] [Next&gt;] [last&gt;&gt;] 120 Articles this categorie Mandarin (red), organic Volume: 10 ml Product No.: 93302 PZN: 6871977 Price: 7,70 EUR Price reg.: 77,00 EUR per 100 ml Weight: 0.05 Kg from 7,70 EUR incl. 19 % Tax excl. Shipping costs Shipping time: 3-7 working days* Origin: Italy Type of product: Essential oil from controlled organic crops Description: The essential oil is obtained from the peel of the ripe fruit and is cold-pressed. That is why it has such sweet, lovely and fruity bouquet. Children and older people especially love this fragrance because it is calming, at the same time amusing and refreshing. Note: These are volatile, highly concentrated oily substances obtained by different procedures e.g. water steam distillation or cold-pressing, from different plant elements. They are mostly clear and after having volatilized (except after cold-pressing) normally do not leave any visible traces. The products offered by Biofrid® are of high quality whose ingredients originate from controlled organic crops and contain 100% essential oil. Essential oils must be used very sparingly and consciously. They serve to fill room as well as improving the surrounding air with pleasant fragrance. Undiluted they must not come into contact with skin or mucous membranes, as this could cause irritation. Special caution must be exercised during pregnancy and the presence of children. Due to the numerous fragrances contained only one plant, genuine essential oils have very full bouquet to which great importance is attached regarding choice of the country of origin, and this is why the range is limited. In exceptional cases the supplier country is changed, e.g. where cases of supply shortage or crop failure could occur. Content: Citrus reticulate from fruit peel Customers who bought this product bought the following products: Didier® Evening Primrose Vitamin E Lotion from 10,60 EUR incl. 19 % Tax excl. Shipping costs Didier® Bath Pearls with Germanium from 19,90 EUR incl. 19 % Tax excl. Shipping costs Arginin-diet Biofrid from 11,90 EUR incl. 7 % Tax excl. Shipping costs Thyme (linalol), organic from 11,40 EUR incl. 19 % Tax excl. Shipping costs Niaouli, organic from 7,00 EUR incl. 19 % Tax excl. Shipping costs Tea tree, organic from 6,90 EUR incl. 19 % Tax excl. Shipping costs Powered by First-Web * Gilt für Lieferungen Deutschland. Lieferzeiten für Länder Informationen Berechnung Liefertermins siehe </fragment> </item> <item> <fragment> Mandarinenöl (rot) kbA - Biofrid-Cosmetic GmbH &amp; Co. KG Herstellung Vertrieb diätetischen, kosmetischen pharmazeutischen Produkten » Startseite Login / Registrierung | Ihre persönliche Seite | Warenkorb | Kasse Suche Literatur Produkte Ätherische/fette Öle Kosmetik Nahrungsergänzung/erg.bil. Diät Liefer- Versandkosten Datenschutz Unsere AGB Impressum Kontakt Widerrufsrecht Widerrufsformular Newsletter Biofrid Cosmetic GmbH &amp; Co.KG Hasseler Steinweg 9 27318 Hoya Postfach 1355 27316 Hoya Telefon 04251 9352-396 Telefax 04251 9352-290 Social Bookmarks [&lt;&lt;Erstes] [&lt;zurück] [weiter&gt;] [Letztes&gt;&gt;] 120 Artikel Kategorie Mandarinenöl (rot) kbA Inhalt: 10 ml Art.Nr.: 93302 PZN: 6871977 Preis: 7,70 EUR PAngV: 77,00 EUR pro 100 ml Gewicht: 0.05 Kg Ab 7,70 EUR incl. 19 % UST exkl. Versandkosten Lieferzeit: 3-7 Werktage* Herkunft: Italien Art Produkts: Ätherisches Öl kontrolliert biologischem Anbau (kbA) Beschreibung: Das ätherische Öl Kaltpressung Schale reifen Frucht gewonnen. Aus Grunde duftet süß, lieblich fruchtig. Kinder ältere Menschen lieben Duft sehr, beruhigend, gleichzeitig erheiternd erfrischend wirkt. Hinweis: Unsere ätherischen fetten Öle kontrolliert biologischem Anbau (kbA) höchster Qualität. Es handelt flüchtige, hochkonzentrierte, ölige Substanzen, unterschiedlichen Herstellungsverfahren - Wasserdampfdestillation kalte Pressung - verschiedenen Pflanzenteilen gewonnen werden. Sie zumeist farblos hinterlassen Regel (außer Kaltpressung) sichtbaren Spuren, verflüchtigt haben. Diese ätherischen Öle 100% naturrein. Der Einsatz ätherischer Öle sparsam bewusst geschehen. Sie dienen Raumbeduftung Luftverbesserung. Sie dürfen unverdünnt Haut Schleimhäuten Kontakt gebracht werden, Reizungen führen können. In Schwangerschaft Kindern besondere Vorsicht geboten. Die angebotenen genuinen ätherischen Öle aufgrund Vielzahl einzigen Pflanze enthaltenen Duftstoffe umfassendes Bouquet. Darauf bezüglich Wahl Herkunftslandes Wert gelegt, Sortiment bewusst knapp gehalten. Aufgrund Lieferengpässen Ernteausfällen Ausnahmefällen Land gewechselt werden. Als Trägeröl bieten Jojobaöl an. Inhalt: Citrus reticulata Fruchtschale Kunden, Artikel kauften, folgende Artikel gekauft: Didier® Nachtkerzen-Vitamin E Lotion Ab 10,60 EUR incl. 19 % UST exkl. Versandkosten Didier® Badeperlen Germanium Ab 19,90 EUR incl. 19 % UST exkl. Versandkosten Arginin-diet Biofrid Ab 11,90 EUR incl. 7 % UST exkl. Versandkosten Thymianöl (linalol), kbA Ab 11,40 EUR incl. 19 % UST exkl. Versandkosten Niaouliöl, kbA Ab 7,00 EUR incl. 19 % UST exkl. Versandkosten Teebaumöl, kbA Ab 6,90 EUR incl. 19 % UST exkl. Versandkosten Powered by First-Web * Gilt für Lieferungen Deutschland. Lieferzeiten für Länder Informationen Berechnung Liefertermins siehe </fragment> </item> <item> <fragment> Carnation, organic - Biofrid-Cosmetic GmbH &amp; Co. KG Herstellung Vertrieb diätetischen, kosmetischen pharmazeutischen Produkten » Home Login / Register | Your account | Shopping Cart | Cash box Search Literature Products Cosmetics Dietary Supplement Essential/fatty oils Shipping &amp; Returns Privacy Notice General terms and conditions Imprint Contact Right of revocation Standard withdrawal form Newsletter Biofrid Cosmetic GmbH &amp; Co.KG Hasseler Steinweg 9 27318 Hoya Postfach 1355 27316 Hoya Telefon 04251 9352-396 Telefax 04251 9352-290 Social Bookmarks [&lt;&lt;First] [&lt;Back] [Next&gt;] [last&gt;&gt;] 120 Articles this categorie Carnation, organic Volume: 5 ml Product No.: 93351 PZN: 6871983 Price: 5,90 EUR Price reg.: 118,00 EUR per 100 ml Weight: 0.05 Kg from 5,90 EUR incl. 19 % Tax excl. Shipping costs Shipping time: 3-7 working days* Origin: Sri Lanka Type of product: Essential oil from controlled organic crops Description: This essential oil obtained from the flower buds of the plant has spicy, acrid and sweetish fragrance. It not only has warming character which stimulates at the same time, but touches on emotions, making one think of spice shop. Note: These are volatile, highly concentrated oily substances obtained by different procedures e.g. water steam distillation or cold-pressing, from different plant elements. They are mostly clear and after having volatilized (except after cold-pressing) normally do not leave any visible traces. The products offered by Biofrid® are of high quality whose ingredients originate from controlled organic crops and contain 100% essential oil. Essential oils must be used very sparingly and consciously. They serve to fill room as well as improving the surrounding air with pleasant fragrance. Undiluted they must not come into contact with skin or mucous membranes, as this could cause irritation. Special caution must be exercised during pregnancy and the presence of children. Due to the numerous fragrances contained only one plant, genuine essential oils have very full bouquet to which great importance is attached regarding choice of the country of origin, and this is why the range is limited. In exceptional cases the supplier country is changed, e.g. where cases of supply shortage or crop failure could occur. Content: Syzygium aromaticum from blossoms Customers who bought this product bought the following products: Bergamotte, organic from 8,50 EUR incl. 19 % Tax excl. Shipping costs Thyme (linalol), organic from 11,40 EUR incl. 19 % Tax excl. Shipping costs Palmarosa, organic from 5,90 EUR incl. 19 % Tax excl. Shipping costs Rose geranium, organic from 7,70 EUR incl. 19 % Tax excl. Shipping costs Eucalyptus citriodora, organic from 6,50 EUR incl. 19 % Tax excl. Shipping costs Peppermint, organic from 9,70 EUR incl. 19 % Tax excl. Shipping costs Powered by First-Web * Gilt für Lieferungen Deutschland. Lieferzeiten für Länder Informationen Berechnung Liefertermins siehe </fragment> </item> <item> <fragment> Nelkenblütenöl, kbA - Biofrid-Cosmetic GmbH &amp; Co. KG Herstellung Vertrieb diätetischen, kosmetischen pharmazeutischen Produkten » Startseite Login / Registrierung | Ihre persönliche Seite | Warenkorb | Kasse Suche Literatur Produkte Ätherische/fette Öle Kosmetik Nahrungsergänzung/erg.bil. Diät Liefer- Versandkosten Datenschutz Unsere AGB Impressum Kontakt Widerrufsrecht Widerrufsformular Newsletter Biofrid Cosmetic GmbH &amp; Co.KG Hasseler Steinweg 9 27318 Hoya Postfach 1355 27316 Hoya Telefon 04251 9352-396 Telefax 04251 9352-290 Social Bookmarks [&lt;&lt;Erstes] [&lt;zurück] [weiter&gt;] [Letztes&gt;&gt;] 120 Artikel Kategorie Nelkenblütenöl, kbA Inhalt: 5 ml Art.Nr.: 93351 PZN: 6871983 Preis: 5,90 EUR PAngV: 118,00 EUR pro 100 ml Gewicht: 0.05 Kg Ab 5,90 EUR incl. 19 % UST exkl. Versandkosten Lieferzeit: 3-7 Werktage* Herkunft: Sri Lanka Art Produkts: Ätherisches Öl kontrolliert biologischem Anbau (kbA) Beschreibung: Das Blütenknospen Pflanze gewonnene ätherische Öl duftet würzig, scharf süßlich. Es erwärmenden Charakter, gleichzeitig anregend ist. Das spricht Gefühlsebene an, außerdem verbinden Duft Gewürzbäckereien. Hinweis: Unsere ätherischen fetten Öle kontrolliert biologischem Anbau (kbA) höchster Qualität. Es handelt flüchtige, hochkonzentrierte, ölige Substanzen, unterschiedlichen Herstellungsverfahren - Wasserdampfdestillation kalte Pressung - verschiedenen Pflanzenteilen gewonnen werden. Sie zumeist farblos hinterlassen Regel (außer Kaltpressung) sichtbaren Spuren, verflüchtigt haben. Diese ätherischen Öle 100% naturrein. Der Einsatz ätherischer Öle sparsam bewusst geschehen. Sie dienen Raumbeduftung Luftverbesserung. Sie dürfen unverdünnt Haut Schleimhäuten Kontakt gebracht werden, Reizungen führen können. In Schwangerschaft Kindern besondere Vorsicht geboten. Die angebotenen genuinen ätherischen Öle aufgrund Vielzahl einzigen Pflanze enthaltenen Duftstoffe umfassendes Bouquet. Darauf bezüglich Wahl Herkunftslandes Wert gelegt, Sortiment bewusst knapp gehalten. Aufgrund Lieferengpässen Ernteausfällen Ausnahmefällen Land gewechselt werden. Als Trägeröl bieten Jojobaöl an. Inhalt: Syzygium aromaticum Blüten Kunden, Artikel kauften, folgende Artikel gekauft: Bergamotteöl, kbA Ab 8,50 EUR incl. 19 % UST exkl. Versandkosten Thymianöl (linalol), kbA Ab 11,40 EUR incl. 19 % UST exkl. Versandkosten Palmarosaöl, kbA Ab 5,90 EUR incl. 19 % UST exkl. Versandkosten Rosengeranienöl, kbA Ab 7,70 EUR incl. 19 % UST exkl. Versandkosten Eukalyptusöl citriodora, kbA Ab 6,50 EUR incl. 19 % UST exkl. Versandkosten Pfefferminzöl, kbA Ab 9,70 EUR incl. 19 % UST exkl. Versandkosten Powered by First-Web * Gilt für Lieferungen Deutschland. Lieferzeiten für Länder Informationen Berechnung Liefertermins siehe </fragment> </item> <item> <fragment> Niaouli, organic - Biofrid-Cosmetic GmbH &amp; Co. KG Herstellung Vertrieb diätetischen, kosmetischen pharmazeutischen Produkten » Home Login / Register | Your account | Shopping Cart | Cash box Search Literature Products Cosmetics Dietary Supplement Essential/fatty oils Shipping &amp; Returns Privacy Notice General terms and conditions Imprint Contact Right of revocation Standard withdrawal form Newsletter Biofrid Cosmetic GmbH &amp; Co.KG Hasseler Steinweg 9 27318 Hoya Postfach 1355 27316 Hoya Telefon 04251 9352-396 Telefax 04251 9352-290 Social Bookmarks [&lt;&lt;First] [&lt;Back] [Next&gt;] [last&gt;&gt;] 120 Articles this categorie Niaouli, organic Volume: 10 ml Product No.: 93402 PZN: 6872008 Price: 7,00 EUR Price reg.: 70,00 EUR per 100 ml Weight: 0.05 Kg from 7,00 EUR incl. 19 % Tax excl. Shipping costs Shipping time: 3-7 working days* Origin: Madagaskar Type of product: Essential oil from controlled organic crops Description: The oil has herbaceous, fresh and pure fragrance. It is perfect for purifying and refreshing air. Note: These are volatile, highly concentrated oily substances obtained by different procedures e.g. water steam distillation or cold-pressing, from different plant elements. They are mostly clear and after having volatilized (except after cold-pressing) normally do not leave any visible traces. The products offered by Biofrid® are of high quality whose ingredients originate from controlled organic crops and contain 100% essential oil. Essential oils must be used very sparingly and consciously. They serve to fill room as well as improving the surrounding air with pleasant fragrance. Undiluted they must not come into contact with skin or mucous membranes, as this could cause irritation. Special caution must be exercised during pregnancy and the presence of children. Due to the numerous fragrances contained only one plant, genuine essential oils have very full bouquet to which great importance is attached regarding choice of the country of origin, and this is why the range is limited. In exceptional cases the supplier country is changed, e.g. where cases of supply shortage or crop failure could occur. Content: Melaleuca quinquenervia from twigs Customers who bought this product bought the following products: Thyme (linalol), organic from 11,40 EUR incl. 19 % Tax excl. Shipping costs Mandarin (red), organic from 7,70 EUR incl. 19 % Tax excl. Shipping costs Peppermint, organic from 9,70 EUR incl. 19 % Tax excl. Shipping costs Bay leaf, organic from 10,50 EUR incl. 19 % Tax excl. Shipping costs Bergamotte, organic from 8,50 EUR incl. 19 % Tax excl. Shipping costs Cajeput, organic from 6,90 EUR incl. 19 % Tax excl. Shipping costs Powered by First-Web * Gilt für Lieferungen Deutschland. Lieferzeiten für Länder Informationen Berechnung Liefertermins siehe </fragment> </item> <item> <fragment> Niaouliöl, kbA - Biofrid-Cosmetic GmbH &amp; Co. KG Herstellung Vertrieb diätetischen, kosmetischen pharmazeutischen Produkten » Startseite Login / Registrierung | Ihre persönliche Seite | Warenkorb | Kasse Suche Literatur Produkte Ätherische/fette Öle Kosmetik Nahrungsergänzung/erg.bil. Diät Liefer- Versandkosten Datenschutz Unsere AGB Impressum Kontakt Widerrufsrecht Widerrufsformular Newsletter Biofrid Cosmetic GmbH &amp; Co.KG Hasseler Steinweg 9 27318 Hoya Postfach 1355 27316 Hoya Telefon 04251 9352-396 Telefax 04251 9352-290 Social Bookmarks [&lt;&lt;Erstes] [&lt;zurück] [weiter&gt;] [Letztes&gt;&gt;] 120 Artikel Kategorie Niaouliöl, kbA Inhalt: 10 ml Art.Nr.: 93402 PZN: 6872008 Preis: 7,00 EUR PAngV: 70,00 EUR pro 100 ml Gewicht: 0.05 Kg Ab 7,00 EUR incl. 19 % UST exkl. Versandkosten Lieferzeit: 3-7 Werktage* Herkunft: Madagaskar Art Produkts: Ätherisches Öl kontrolliert biologischem Anbau (kbA) Beschreibung: Das Öl duftet krautig, frisch klar. Es geeignet, Luft reinigen erfrischen. Hinweis: Unsere ätherischen fetten Öle kontrolliert biologischem Anbau (kbA) höchster Qualität. Es handelt flüchtige, hochkonzentrierte, ölige Substanzen, unterschiedlichen Herstellungsverfahren - Wasserdampfdestillation kalte Pressung - verschiedenen Pflanzenteilen gewonnen werden. Sie zumeist farblos hinterlassen Regel (außer Kaltpressung) sichtbaren Spuren, verflüchtigt haben. Diese ätherischen Öle 100% naturrein. Der Einsatz ätherischer Öle sparsam bewusst geschehen. Sie dienen Raumbeduftung Luftverbesserung. Sie dürfen unverdünnt Haut Schleimhäuten Kontakt gebracht werden, Reizungen führen können. In Schwangerschaft Kindern besondere Vorsicht geboten. Die angebotenen genuinen ätherischen Öle aufgrund Vielzahl einzigen Pflanze enthaltenen Duftstoffe umfassendes Bouquet. Darauf bezüglich Wahl Herkunftslandes Wert gelegt, Sortiment bewusst knapp gehalten. Aufgrund Lieferengpässen Ernteausfällen Ausnahmefällen Land gewechselt werden. Als Trägeröl bieten Jojobaöl an. Inhalt: Melaleuca quinquenervia Zweigen Kunden, Artikel kauften, folgende Artikel gekauft: Thymianöl (linalol), kbA Ab 11,40 EUR incl. 19 % UST exkl. Versandkosten Mandarinenöl (rot) kbA Ab 7,70 EUR incl. 19 % UST exkl. Versandkosten Pfefferminzöl, kbA Ab 9,70 EUR incl. 19 % UST exkl. Versandkosten Lorbeerblätteröl, kbA Ab 10,50 EUR incl. 19 % UST exkl. Versandkosten Bergamotteöl, kbA Ab 8,50 EUR incl. 19 % UST exkl. Versandkosten Cajeputöl, kbA Ab 6,90 EUR incl. 19 % UST exkl. Versandkosten Powered by First-Web * Gilt für Lieferungen Deutschland. Lieferzeiten für Länder Informationen Berechnung Liefertermins siehe </fragment> </item> <item> <fragment> Palmarosaöl, kbA - Biofrid-Cosmetic GmbH &amp; Co. KG Herstellung Vertrieb diätetischen, kosmetischen pharmazeutischen Produkten » Startseite Login / Registrierung | Ihre persönliche Seite | Warenkorb | Kasse Suche Literatur Produkte Ätherische/fette Öle Kosmetik Nahrungsergänzung/erg.bil. Diät Liefer- Versandkosten Datenschutz Unsere AGB Impressum Kontakt Widerrufsrecht Widerrufsformular Newsletter Biofrid Cosmetic GmbH &amp; Co.KG Hasseler Steinweg 9 27318 Hoya Postfach 1355 27316 Hoya Telefon 04251 9352-396 Telefax 04251 9352-290 Social Bookmarks [&lt;&lt;Erstes] [&lt;zurück] [weiter&gt;] [Letztes&gt;&gt;] 120 Artikel Kategorie Palmarosaöl, kbA Inhalt: 5 ml Art.Nr.: 93501 PZN: 6872014 Preis: 5,90 EUR PAngV: 118,00 EUR pro 100 ml Gewicht: 0.05 Kg Ab 5,90 EUR incl. 19 % UST exkl. Versandkosten Lieferzeit: 3-7 Werktage* Herkunft: Himalaya Art Produkts: Ätherisches Öl kontrolliert biologischem Anbau (kbA) Beschreibung: Der ausgleichende, milde Duft Öls blumig würzig. Er erinnert Rose. Dadurch spricht stark Gefühl gehört Ölen starken Herznote. Hinweis: Unsere ätherischen fetten Öle kontrolliert biologischem Anbau (kbA) höchster Qualität. Es handelt flüchtige, hochkonzentrierte, ölige Substanzen, unterschiedlichen Herstellungsverfahren - Wasserdampfdestillation kalte Pressung - verschiedenen Pflanzenteilen gewonnen werden. Sie zumeist farblos hinterlassen Regel (außer Kaltpressung) sichtbaren Spuren, verflüchtigt haben. Diese ätherischen Öle 100% naturrein. Der Einsatz ätherischer Öle sparsam bewusst geschehen. Sie dienen Raumbeduftung Luftverbesserung. Sie dürfen unverdünnt Haut Schleimhäuten Kontakt gebracht werden, Reizungen führen können. In Schwangerschaft Kindern besondere Vorsicht geboten. Die angebotenen genuinen ätherischen Öle aufgrund Vielzahl einzigen Pflanze enthaltenen Duftstoffe umfassendes Bouquet. Darauf bezüglich Wahl Herkunftslandes Wert gelegt, Sortiment bewusst knapp gehalten. Aufgrund Lieferengpässen Ernteausfällen Ausnahmefällen Land gewechselt werden. Als Trägeröl bieten Jojobaöl an. Inhalt: Cymbopogon martinii Blättern Kunden, Artikel kauften, folgende Artikel gekauft: Didier® Hautcreme Germanium Ab 19,90 EUR incl. 19 % UST exkl. Versandkosten Zink-diet Biofrid Ab 9,00 EUR incl. 7 % UST exkl. Versandkosten Bergamotteöl, kbA Ab 8,50 EUR incl. 19 % UST exkl. Versandkosten Cajeputöl, kbA Ab 6,90 EUR incl. 19 % UST exkl. Versandkosten Lorbeerblätteröl, kbA Ab 10,50 EUR incl. 19 % UST exkl. Versandkosten Rosmarinöl (verbenon), kbA Ab 9,50 EUR incl. 19 % UST exkl. Versandkosten Powered by First-Web * Gilt für Lieferungen Deutschland. Lieferzeiten für Länder Informationen Berechnung Liefertermins siehe </fragment> </item> <item> <fragment> Cajeputöl, kbA - Biofrid-Cosmetic GmbH &amp; Co. KG Herstellung Vertrieb diätetischen, kosmetischen pharmazeutischen Produkten » Startseite Login / Registrierung | Ihre persönliche Seite | Warenkorb | Kasse Suche Literatur Produkte Ätherische/fette Öle Kosmetik Nahrungsergänzung/erg.bil. Diät Liefer- Versandkosten Datenschutz Unsere AGB Impressum Kontakt Widerrufsrecht Widerrufsformular Newsletter Biofrid Cosmetic GmbH &amp; Co.KG Hasseler Steinweg 9 27318 Hoya Postfach 1355 27316 Hoya Telefon 04251 9352-396 Telefax 04251 9352-290 Social Bookmarks [&lt;&lt;Erstes] [&lt;zurück] [weiter&gt;] [Letztes&gt;&gt;] 120 Artikel Kategorie Cajeputöl, kbA Inhalt: 10 ml Art.Nr.: 93102 PZN: 1927897 Preis: 6,90 EUR PAngV: 69,00 EUR pro 100 ml Gewicht: 0.05 Kg Ab 6,90 EUR incl. 19 % UST exkl. Versandkosten Lieferzeit: 3-7 Werktage* Herkunft: Vietnam Art Produkts: Ätherisches Öl kontrolliert biologischem Anbau (kbA) Beschreibung: Dieses Öl starke Kopfnote, erfrischend reinigend empfunden wird. Das frische klare Duftprofil Geltung Verwendung Wasserspiel. Hinweis: Unsere ätherischen fetten Öle kontrolliert biologischem Anbau (kbA) höchster Qualität. Es handelt flüchtige, hochkonzentrierte, ölige Substanzen, unterschiedlichen Herstellungsverfahren - Wasserdampfdestillation kalte Pressung - verschiedenen Pflanzenteilen gewonnen werden. Sie zumeist farblos hinterlassen Regel (außer Kaltpressung) sichtbaren Spuren, verflüchtigt haben. Diese ätherischen Öle 100% naturrein. Der Einsatz ätherischer Öle sparsam bewusst geschehen. Sie dienen Raumbeduftung Luftverbesserung. Sie dürfen unverdünnt Haut Schleimhäuten Kontakt gebracht werden, Reizungen führen können. In Schwangerschaft Kindern besondere Vorsicht geboten. Die angebotenen genuinen ätherischen Öle aufgrund Vielzahl einzigen Pflanze enthaltenen Duftstoffe umfassendes Bouquet. Darauf bezüglich Wahl Herkunftslandes Wert gelegt, Sortiment bewusst knapp gehalten. Aufgrund Lieferengpässen Ernteausfällen Ausnahmefällen Land gewechselt werden. Als Trägeröl bieten Jojobaöl an. Inhalt: Melaleuca cajeputi Blättern Kunden, Artikel kauften, folgende Artikel gekauft: Didier® Hautcreme Germanium Ab 19,90 EUR incl. 19 % UST exkl. Versandkosten Didier® Nachtkerzen-Vitamin E Lotion Ab 10,60 EUR incl. 19 % UST exkl. Versandkosten Arginin-diet Biofrid Ab 11,90 EUR incl. 7 % UST exkl. Versandkosten Zink-diet Biofrid Ab 9,00 EUR incl. 7 % UST exkl. Versandkosten Majoranöl, kbA Ab 6,90 EUR incl. 19 % UST exkl. Versandkosten Palmarosaöl, kbA Ab 5,90 EUR incl. 19 % UST exkl. Versandkosten Powered by First-Web * Gilt für Lieferungen Deutschland. Lieferzeiten für Länder Informationen Berechnung Liefertermins siehe </fragment> </item> <item> <fragment> Bergamotteöl, kbA - Biofrid-Cosmetic GmbH &amp; Co. KG Herstellung Vertrieb diätetischen, kosmetischen pharmazeutischen Produkten » Startseite Login / Registrierung | Ihre persönliche Seite | Warenkorb | Kasse Suche Literatur Produkte Ätherische/fette Öle Kosmetik Nahrungsergänzung/erg.bil. Diät Liefer- Versandkosten Datenschutz Unsere AGB Impressum Kontakt Widerrufsrecht Widerrufsformular Newsletter Biofrid Cosmetic GmbH &amp; Co.KG Hasseler Steinweg 9 27318 Hoya Postfach 1355 27316 Hoya Telefon 04251 9352-396 Telefax 04251 9352-290 Social Bookmarks [&lt;&lt;Erstes] [&lt;zurück] 120 Artikel Kategorie Bergamotteöl, kbA Inhalt: 10 ml Art.Nr.: 93052 PZN: 6871859 Preis: 8,50 EUR PAngV: 85,00 EUR pro 100 ml Gewicht: 0.05 Kg Ab 8,50 EUR incl. 19 % UST exkl. Versandkosten Lieferzeit: 3-7 Werktage* Herkunft: Italien Art Produkts: Ätherisches Öl kontrolliert biologischem Anbau (kbA) Beschreibung: Das ätherische Öl Kaltpressung Fruchtschale gewonnen erfrischenden, leichten, angenehm stimulierenden Effekt. Es hervorragend geeignet, Stimmung heben. Hinweis: Unsere ätherischen fetten Öle kontrolliert biologischem Anbau (kbA) höchster Qualität. Es handelt flüchtige, hochkonzentrierte, ölige Substanzen, unterschiedlichen Herstellungsverfahren - Wasserdampfdestillation kalte Pressung - verschiedenen Pflanzenteilen gewonnen werden. Sie zumeist farblos hinterlassen Regel (außer Kaltpressung) sichtbaren Spuren, verflüchtigt haben. Diese ätherischen Öle 100% naturrein. Der Einsatz ätherischer Öle sparsam bewusst geschehen. Sie dienen Raumbeduftung Luftverbesserung. Sie dürfen unverdünnt Haut Schleimhäuten Kontakt gebracht werden, Reizungen führen können. In Schwangerschaft Kindern besondere Vorsicht geboten. Die angebotenen genuinen ätherischen Öle aufgrund Vielzahl einzigen Pflanze enthaltenen Duftstoffe umfassendes Bouquet. Darauf bezüglich Wahl Herkunftslandes Wert gelegt, Sortiment bewusst knapp gehalten. Aufgrund Lieferengpässen Ernteausfällen Ausnahmefällen Land gewechselt werden. Als Trägeröl bieten Jojobaöl an. Inhalt: Citrus bergamia Fruchtschalen Kunden, Artikel kauften, folgende Artikel gekauft: Nelkenblütenöl, kbA Ab 5,90 EUR incl. 19 % UST exkl. Versandkosten Zimtblätteröl, kbA Ab 4,00 EUR incl. 19 % UST exkl. Versandkosten Majoranöl, kbA Ab 6,90 EUR incl. 19 % UST exkl. Versandkosten Palmarosaöl, kbA Ab 5,90 EUR incl. 19 % UST exkl. Versandkosten Rosengeranienöl, kbA Ab 7,70 EUR incl. 19 % UST exkl. Versandkosten Jojobaöl, kbA Ab 6,90 EUR incl. 19 % UST exkl. Versandkosten Powered by First-Web * Gilt für Lieferungen Deutschland. Lieferzeiten für Länder Informationen Berechnung Liefertermins siehe </fragment> </item> <item> <fragment> Essential/fatty oils - Biofrid-Cosmetic GmbH &amp; Co. KG Herstellung Vertrieb diätetischen, kosmetischen pharmazeutischen Produkten » Home Login / Register | Your account | Shopping Cart | Cash box Search Literature Products Cosmetics Dietary Supplement Essential/fatty oils Shipping &amp; Returns Privacy Notice General terms and conditions Imprint Contact Right of revocation Standard withdrawal form Newsletter Biofrid Cosmetic GmbH &amp; Co.KG Hasseler Steinweg 9 27318 Hoya Postfach 1355 27316 Hoya Telefon 04251 9352-396 Telefax 04251 9352-290 Social Bookmarks Essential/fatty oils Bay leaf, organic Details from 10,50 EUR incl. 19 % Tax excl. Shipping costs Shipping time:3-7 working days* Bergamotte, organic Details from 8,50 EUR incl. 19 % Tax excl. Shipping costs Shipping time:3-7 working days* Cajeput, organic Details from 6,90 EUR incl. 19 % Tax excl. Shipping costs Shipping time:3-7 working days* Carnation, organic Details from 5,90 EUR incl. 19 % Tax excl. Shipping costs Shipping time:3-7 working days* Cedar, organic Details from 8,50 EUR incl. 19 % Tax excl. Shipping costs Shipping time:3-7 working days* Cinnamon, organic Details from 4,00 EUR incl. 19 % Tax excl. Shipping costs Shipping time:3-7 working days* Citrus (lemon), organic Details from 6,50 EUR incl. 19 % Tax excl. Shipping costs Shipping time:3-7 working days* Eucalyptus citriodora, organic Details from 6,50 EUR incl. 19 % Tax excl. Shipping costs Shipping time:3-7 working days* Jojoba, organic Details from 6,90 EUR incl. 19 % Tax excl. Shipping costs Shipping time:3-7 working days* Lavender, organic Details from 8,50 EUR incl. 19 % Tax excl. Shipping costs Shipping time:3-7 working days* Majoran, organic Details from 6,90 EUR incl. 19 % Tax excl. Shipping costs Shipping time:3-7 working days* Mandarin (red), organic Details from 7,70 EUR incl. 19 % Tax excl. Shipping costs Shipping time:3-7 working days* Niaouli, organic Details from 7,00 EUR incl. 19 % Tax excl. Shipping costs Shipping time:3-7 working days* Palmarosa, organic Details from 5,90 EUR incl. 19 % Tax excl. Shipping costs Shipping time:3-7 working days* Peppermint, organic Details from 9,70 EUR incl. 19 % Tax excl. Shipping costs Shipping time:3-7 working days* Rose geranium, organic Details from 7,70 EUR incl. 19 % Tax excl. Shipping costs Shipping time:3-7 working days* Rosemary (verbenon), organic Details from 9,50 EUR incl. 19 % Tax excl. Shipping costs Shipping time:3-7 working days* Tea tree, organic Details from 6,90 EUR incl. 19 % Tax excl. Shipping costs Shipping time:3-7 working days* Teebaumöl (Tea tree oil), from conventional crops Details from 3,90 EUR incl. 19 % Tax excl. Shipping costs Shipping time:3-7 working days* Thyme (linalol), organic Details from 11,40 EUR incl. 19 % Tax excl. Shipping costs Shipping time:3-7 working days* Show 1 to 20 (of total 20 products) Sites: 1 Powered by First-Web * Gilt für Lieferungen Deutschland. Lieferzeiten für Länder Informationen Berechnung Liefertermins siehe </fragment> </item> <item> <fragment> Ätherische/fette Öle - Biofrid-Cosmetic GmbH &amp; Co. KG Herstellung Vertrieb diätetischen, kosmetischen pharmazeutischen Produkten » Startseite Login / Registrierung | Ihre persönliche Seite | Warenkorb | Kasse Suche Literatur Produkte Ätherische/fette Öle Kosmetik Nahrungsergänzung/erg.bil. Diät Liefer- Versandkosten Datenschutz Unsere AGB Impressum Kontakt Widerrufsrecht Widerrufsformular Newsletter Biofrid Cosmetic GmbH &amp; Co.KG Hasseler Steinweg 9 27318 Hoya Postfach 1355 27316 Hoya Telefon 04251 9352-396 Telefax 04251 9352-290 Social Bookmarks Ätherische/fette Öle Bergamotteöl, kbA Details Ab 8,50 EUR incl. 19 % UST exkl. Versandkosten Lieferzeit:3-7 Werktage* Cajeputöl, kbA Details Ab 6,90 EUR incl. 19 % UST exkl. Versandkosten Lieferzeit:3-7 Werktage* Eukalyptusöl citriodora, kbA Details Ab 6,50 EUR incl. 19 % UST exkl. Versandkosten Lieferzeit:3-7 Werktage* Jojobaöl, kbA Details Ab 6,90 EUR incl. 19 % UST exkl. Versandkosten Lieferzeit:3-7 Werktage* Lavendelöl, kbA Details Ab 8,50 EUR incl. 19 % UST exkl. Versandkosten Lieferzeit:3-7 Werktage* Lorbeerblätteröl, kbA Details Ab 10,50 EUR incl. 19 % UST exkl. Versandkosten Lieferzeit:3-7 Werktage* Majoranöl, kbA Details Ab 6,90 EUR incl. 19 % UST exkl. Versandkosten Lieferzeit:3-7 Werktage* Mandarinenöl (rot) kbA Details Ab 7,70 EUR incl. 19 % UST exkl. Versandkosten Lieferzeit:3-7 Werktage* Nelkenblütenöl, kbA Details Ab 5,90 EUR incl. 19 % UST exkl. Versandkosten Lieferzeit:3-7 Werktage* Niaouliöl, kbA Details Ab 7,00 EUR incl. 19 % UST exkl. Versandkosten Lieferzeit:3-7 Werktage* Palmarosaöl, kbA Details Ab 5,90 EUR incl. 19 % UST exkl. Versandkosten Lieferzeit:3-7 Werktage* Pfefferminzöl, kbA Details Ab 9,70 EUR incl. 19 % UST exkl. Versandkosten Lieferzeit:3-7 Werktage* Rosengeranienöl, kbA Details Ab 7,70 EUR incl. 19 % UST exkl. Versandkosten Lieferzeit:3-7 Werktage* Rosmarinöl (verbenon), kbA Details Ab 9,50 EUR incl. 19 % UST exkl. Versandkosten Lieferzeit:3-7 Werktage* Teebaumöl, kbA Details Ab 6,90 EUR incl. 19 % UST exkl. Versandkosten Lieferzeit:3-7 Werktage* Teebaumöl, konv. Anbau Details Ab 3,90 EUR incl. 19 % UST exkl. Versandkosten Lieferzeit:3-7 Werktage* Thymianöl (linalol), kbA Details Ab 11,40 EUR incl. 19 % UST exkl. Versandkosten Lieferzeit:3-7 Werktage* Zedernöl, kbA Details Ab 8,50 EUR incl. 19 % UST exkl. Versandkosten Lieferzeit:3-7 Werktage* Zimtblätteröl, kbA Details Ab 4,00 EUR incl. 19 % UST exkl. Versandkosten Lieferzeit:3-7 Werktage* Zitronenöl, kbA Details Ab 6,50 EUR incl. 19 % UST exkl. Versandkosten Lieferzeit:3-7 Werktage* Zeige 1 20 (von insgesamt 20 Artikeln) Seiten: 1 Powered by First-Web * Gilt für Lieferungen Deutschland. Lieferzeiten für Länder Informationen Berechnung Liefertermins siehe </fragment> </item> <item> <fragment> Ringelblumen Creme Biofrid - Biofrid-Cosmetic GmbH &amp; Co. KG Herstellung Vertrieb diätetischen, kosmetischen pharmazeutischen Produkten » Startseite Login / Registrierung | Ihre persönliche Seite | Warenkorb | Kasse Suche Literatur Produkte Ätherische/fette Öle Kosmetik Nahrungsergänzung/erg.bil. Diät Liefer- Versandkosten Datenschutz Unsere AGB Impressum Kontakt Widerrufsrecht Widerrufsformular Newsletter Biofrid Cosmetic GmbH &amp; Co.KG Hasseler Steinweg 9 27318 Hoya Postfach 1355 27316 Hoya Telefon 04251 9352-396 Telefax 04251 9352-290 Social Bookmarks [&lt;&lt;Erstes] [&lt;zurück] [weiter&gt;] [Letztes&gt;&gt;] 48 Artikel Kategorie Ringelblumen Creme Biofrid bisheriges Design Inhalt: 100 ml Art.Nr.: 24520100 PZN: 4255955 Preis: 6,90 EUR PAngV: 6,90 EUR pro 100 ml Gewicht: 0.14 Kg Ab 6,90 EUR incl. 19 % UST exkl. Versandkosten Lieferzeit: 3-7 Werktage* Art Produkts: Creme Beschreibung: Energiespendende Haut- Körperpflege für Hauttyp Calendula officinalis erhöht Widerstandsfähigkeit Haut schafft Ausgleich Feuchtigkeitsmangel. Sie wirkt restrukturierend unterstützt natürlichen Regenerationsprozess. Ringelblumen Creme Biofrid bietet wertvollen Zusätzen Calendula officinalis, echtem Bienenwachs, Glycerin, Allantoin, Hamamelis Hautschutzvitaminen A E optimale 24-Stunden-Versorgung allem, Umwelteinflüsse strapazierte Haut benötigt. Durch geschmeidige, fettende Konsistenz eignet Ringelblumen Creme Biofrid Gesichts- Ganzkörperpflege. Der Zusatz Beta-Carotin (Provitamin A) dient natürlicher UV-Filter. Inhaltsstoffe: Water (aqua), Isopropyl palmitate, Polyglyceryl-2 Sesquiisostearate, Mineral Oil (paraffinum liquidum), Microcrystalline Wax (cera microcristallina), Paraffin, Magnesium Stearate, Beeswax (cera alba), Aluminum Stearate, Polyethylene, Soybean (glycine soja) oily extract, Calendula (calendula officinalis), PEG-7 Hydrogenated Castor Oil, Glycerin, Beeswax (cera flava), Propylene Tocopheryl Acetate, Retinyl Palpitate, Bisabolol 100, Fragrance (parfum), Benzyl Alcohol, Methylchloroisothiazolinone, Methylisothiazolinone, Beta Carotene, Allantoin Kunden, Artikel kauften, folgende Artikel gekauft: Nachtkerzenöl Kapseln Ab 10,20 EUR incl. 7 % UST exkl. Versandkosten Didier® Badeperlen Germanium Ab 19,90 EUR incl. 19 % UST exkl. Versandkosten Rosengeranienöl, kbA Ab 7,70 EUR incl. 19 % UST exkl. Versandkosten Arginin-diet Biofrid Ab 11,90 EUR incl. 7 % UST exkl. Versandkosten Majoranöl, kbA Ab 6,90 EUR incl. 19 % UST exkl. Versandkosten Thymianöl (linalol), kbA Ab 11,40 EUR incl. 19 % UST exkl. Versandkosten Powered by First-Web * Gilt für Lieferungen Deutschland. Lieferzeiten für Länder Informationen Berechnung Liefertermins siehe </fragment> </item> <item> <fragment> Propolis Creme Biofrid - Biofrid-Cosmetic GmbH &amp; Co. KG Herstellung Vertrieb diätetischen, kosmetischen pharmazeutischen Produkten » Startseite Login / Registrierung | Ihre persönliche Seite | Warenkorb | Kasse Suche Literatur Produkte Ätherische/fette Öle Kosmetik Nahrungsergänzung/erg.bil. Diät Liefer- Versandkosten Datenschutz Unsere AGB Impressum Kontakt Widerrufsrecht Widerrufsformular Newsletter Biofrid Cosmetic GmbH &amp; Co.KG Hasseler Steinweg 9 27318 Hoya Postfach 1355 27316 Hoya Telefon 04251 9352-396 Telefax 04251 9352-290 Social Bookmarks [&lt;&lt;Erstes] [&lt;zurück] [weiter&gt;] [Letztes&gt;&gt;] 48 Artikel Kategorie Propolis Creme Biofrid 100 ml bisheriges Design Inhalt: 100 ml Art.Nr.: 24020100 PZN: 4255949 Preis: 6,90 EUR PAngV: 6,90 EUR pro 100 ml Gewicht: 0.15 Kg Ab 6,90 EUR incl. 19 % UST exkl. Versandkosten Lieferzeit: 3-7 Werktage* Art Produkts: Creme Beschreibung: Optimaler Schutz für beanspruchte Entzündungen neigende Haut Propolis altbewährter Kosmetikzusatz wertvollen Inhaltsstoffen Eisen, Zink, Magnesium Provitamin A E. Propolis Creme Biofrid enthält Propolis Zusätze Arnica montana, Allantoin, Glycerin Bienenwachs, Zusammensetzung Pflege regenerationsbedürftigen Haut fein abgestimmt sind. Propolis Creme Biofrid eignet Pflege spröder gereizter Problemhaut, Sonnenbad. Inhaltsstoffe: Aqua, Paraffinum Liquidum, Polyethylene, Isopropyl Palmitate, Polyglyceryl-2-Sesquiisostearate, Cera Microcristallina, Paraffin, Magnesium Stearate, Cera Alba, Aluminum Stearate, Glycine Soja, Arnica Montana, PEG-7 Hydrogenated Castor Oil, Glycerin, Cera Flava, Propolis Cera, Propylene Glycol, Magnesium Sulfate, Benzyl Alcohol, Methylchloroisothiazolinone, Methylisothiazolinone, Allantoin, Butylphenyl Methylpropional, Alpha-Isomethyl Ionone, Benzyl Benzoate, Citronellol, Geraniol, Hexyl Cinnamal, Hydroxycitronellal, Linalool. Kunden, Artikel kauften, folgende Artikel gekauft: Arginin-diet Biofrid Ab 11,90 EUR incl. 7 % UST exkl. Versandkosten Majoranöl, kbA Ab 6,90 EUR incl. 19 % UST exkl. Versandkosten Zitronenöl, kbA Ab 6,50 EUR incl. 19 % UST exkl. Versandkosten Thymianöl (linalol), kbA Ab 11,40 EUR incl. 19 % UST exkl. Versandkosten RMS Biofrid Ab 18,00 EUR incl. 7 % UST exkl. Versandkosten Fischöl Kapseln Biofrid Ab 10,70 EUR incl. 7 % UST exkl. Versandkosten Powered by First-Web * Gilt für Lieferungen Deutschland. Lieferzeiten für Länder Informationen Berechnung Liefertermins siehe </fragment> </item> <item> <fragment> Didier® Nachtkerzen-Vitamin E-Creme - Biofrid-Cosmetic GmbH &amp; Co. KG Herstellung Vertrieb diätetischen, kosmetischen pharmazeutischen Produkten » Startseite Login / Registrierung | Ihre persönliche Seite | Warenkorb | Kasse Suche Literatur Produkte Ätherische/fette Öle Kosmetik Nahrungsergänzung/erg.bil. Diät Liefer- Versandkosten Datenschutz Unsere AGB Impressum Kontakt Widerrufsrecht Widerrufsformular Newsletter Biofrid Cosmetic GmbH &amp; Co.KG Hasseler Steinweg 9 27318 Hoya Postfach 1355 27316 Hoya Telefon 04251 9352-396 Telefax 04251 9352-290 Social Bookmarks [&lt;&lt;Erstes] [&lt;zurück] [weiter&gt;] [Letztes&gt;&gt;] 48 Artikel Kategorie Didier® Nachtkerzen-Vitamin E-Creme bisheriges Design (120 ml) Inhalt: 100 ml Art.Nr.: 98403 PZN: 9372677 Preis: 7,50 EUR PAngV: 7,50 EUR pro 100 ml Gewicht: 0.14 Kg Ab 7,50 EUR incl. 19 % UST exkl. Versandkosten Lieferzeit: 3-7 Werktage* Art Produkts: Creme Beschreibung: Die Wirkung Nachkerzenöls kannten Indianer Nordamerikas: Sie sammelten Samen, zerstampfen Brei Hautausschläge einzusetzen. Dieses Öl reich wertvollen, essentiellen Fettsäuren. Speziell Nachtkerzenöl enthaltene Gamma-Linolensäure ausreichend Körper gebildet. Viele Menschen leiden zudem trockener, schuppiger Haut. Die Anwendung Nachtkerzenöl spendet nötige Feuchtigkeit verleiht Haut gepflegtes Aussehen. Die Haut zart geschmeidig. Auch Schuppenflechte Neurodermitis Öl Nachtkerze unterstützenden Pflege geeignet. Didier® Nachtkerzen-Vitamin E-Creme bietet normalen, trockenen, empfindlichen reifen, frühzeitiger Hautalterung neigenden Haut optimalen Schutz gegenüber schädlichen Umwelteinflüssen verleiht gepflegtes Aussehen strahlenden Teint. Wertvolle Inhaltsstoffe pflegen Haut umfassend glatt geschmeidig. Die Creme schützt Feuchtigkeitsverlust wirkt Austrocknung Haut entgegen. So hilft sie, natürliche Zartheit Elastizität aufrechtzuerhalten. Tragen Sie Didier® Nachtkerzen-Vitamin E-Creme abends Gesicht, Hals Dekolleté massieren sanft ein. Hinweis: • verleiht Haut gepflegtes Aussehen strahlenden Teint • schützt Feuchtigkeitsverlust wirkt Austrocknung Haut entgegen Nachtkerzen-Vitamin E Creme eignet feuchtigkeitsspendende Gesichtsmaske. Tragen Sie Creme großzügig Gesicht Hals auf. Die Haut zart geschmeidig. Inhaltsstoffe: Water (aqua), Isopropyl Palpitate, Polyglyceryl-2 Sesquiisostearate, Mineral Oil (paraffinum liquidum), Microcrystalline Wax (cera microcristallina), Paraffin, Magnesium Stearate, Bees wax (cera alba), Aluminum Stearate, Polyethylene, Evening primrose (oenothera biennis) Oil, Tocopheryl Acetate, Glycerin, PEG-7 Hydrogenated Castor Oil, Bees Wax (cera flava), Magnesium Sulfate, Fragrance (parfum), Benzyl Alcohol, Methylchloroisothiazolinone, Methylisothiazolinone, Allantoin Kunden, Artikel kauften, folgende Artikel gekauft: Nachtkerzenöl Kapseln Ab 10,20 EUR incl. 7 % UST exkl. Versandkosten Didier® Badeperlen Germanium Ab 19,90 EUR incl. 19 % UST exkl. Versandkosten Zink-diet Biofrid Ab 9,00 EUR incl. 7 % UST exkl. Versandkosten Fischöl Kapseln Biofrid Ab 10,70 EUR incl. 7 % UST exkl. Versandkosten Majoranöl, kbA Ab 6,90 EUR incl. 19 % UST exkl. Versandkosten Thymianöl (linalol), kbA Ab 11,40 EUR incl. 19 % UST exkl. Versandkosten Powered by First-Web * Gilt für Lieferungen Deutschland. Lieferzeiten für Länder Informationen Berechnung Liefertermins siehe </fragment> </item> <item> <fragment> Didier® Nachtkerzen-Vitamin E Lotion - Biofrid-Cosmetic GmbH &amp; Co. KG Herstellung Vertrieb diätetischen, kosmetischen pharmazeutischen Produkten » Startseite Login / Registrierung | Ihre persönliche Seite | Warenkorb | Kasse Suche Literatur Produkte Ätherische/fette Öle Kosmetik Nahrungsergänzung/erg.bil. Diät Liefer- Versandkosten Datenschutz Unsere AGB Impressum Kontakt Widerrufsrecht Widerrufsformular Newsletter Biofrid Cosmetic GmbH &amp; Co.KG Hasseler Steinweg 9 27318 Hoya Postfach 1355 27316 Hoya Telefon 04251 9352-396 Telefax 04251 9352-290 Social Bookmarks [&lt;&lt;Erstes] [&lt;zurück] 48 Artikel Kategorie Didier® Nachtkerzen-Vitamin E Lotion Inhalt: 250 ml Art.Nr.: 05060250 PZN: 6983794 Preis: 10,60 EUR PAngV: 4,24 EUR pro 100 ml Gewicht: 0.3 Kg Ab 10,60 EUR incl. 19 % UST exkl. Versandkosten Lieferzeit: 3-7 Werktage* Art Produkts: Lotion Beschreibung: Milde, angenehm duftende Körperlotion für Hauttyp • schützt Feuchtigkeitsverlust Austrocknung • enthält Nachtkerzenöl, Vitamin E, Hamamelisextrakt, Glycerin Allantoin • bietet optimalen Schutz gegenüber schädlichen Umwelteinflüssen &amp; wirkt vorzeitiger Hautalterung entgegen Nachtkerzen-Vitamin E Lotion schützt Haut Feuchtigkeitsverlust wirkt Austrocknung entgegen. Wertvolle Inhaltsstoffe Nachtkerzenöl, Vitamin E, Hamamelisextrakt, Glycerin Allantoin pflegen Haut umfassend glatt geschmeidig. Regelmäßig angewandt, bietet Nachtkerzen-Vitamin E Lotion optimalen Schutz gegenüber schädlichen Umwelteinflüssen beugt vorzeitiger Hautalterung vor. Die natürliche Zartheit Elastizität Haut bleibt länger erhalten. Wenden Sie Körperlotion täglich Baden, Duschen Sonnenbaden massieren Sie sanft Haut ein. Inhalt: 250 ml Spender Inhaltsstoffe: Water (aqua), Mineral Oil (paraffinum liquidum), Isopropyl Palmitate, Trilaureth-4 Phosphate, Glycerin, Evening Primrose (oenothera biennis) Oil, Tocopheryl Acetate, Sodium Carbomer, Caprylic/Capric Triglyceride, Propylene Glycol, Witch Hazel (hamamelis virginiana), Alcohol denat., Fragrance (parfum), Decyl Oleate, Allantoin, Benzyl Alcohol, Konservierungsstoff, Methychloroisothiazolinone, Methylisothiazolinone Kunden, Artikel kauften, folgende Artikel gekauft: Didier® Badeperlen Germanium Ab 19,90 EUR incl. 19 % UST exkl. Versandkosten Zink-diet Biofrid Ab 9,00 EUR incl. 7 % UST exkl. Versandkosten Selen-Biofrid Ab 5,50 EUR incl. 7 % UST exkl. Versandkosten Rosengeranienöl, kbA Ab 7,70 EUR incl. 19 % UST exkl. Versandkosten Cajeputöl, kbA Ab 6,90 EUR incl. 19 % UST exkl. Versandkosten RMS Biofrid Ab 18,00 EUR incl. 7 % UST exkl. Versandkosten Powered by First-Web * Gilt für Lieferungen Deutschland. Lieferzeiten für Länder Informationen Berechnung Liefertermins siehe </fragment> </item> <item> <fragment> Didier® Hautcreme Germanium - Biofrid-Cosmetic GmbH &amp; Co. KG Herstellung Vertrieb diätetischen, kosmetischen pharmazeutischen Produkten » Startseite Login / Registrierung | Ihre persönliche Seite | Warenkorb | Kasse Suche Literatur Produkte Ätherische/fette Öle Kosmetik Nahrungsergänzung/erg.bil. Diät Liefer- Versandkosten Datenschutz Unsere AGB Impressum Kontakt Widerrufsrecht Widerrufsformular Newsletter Biofrid Cosmetic GmbH &amp; Co.KG Hasseler Steinweg 9 27318 Hoya Postfach 1355 27316 Hoya Telefon 04251 9352-396 Telefax 04251 9352-290 Social Bookmarks [&lt;&lt;Erstes] [&lt;zurück] [weiter&gt;] [Letztes&gt;&gt;] 48 Artikel Kategorie Didier® Hautcreme Germanium Inhalt: 50 ml Art.Nr.: 27020050 PZN: 3919005 Preis: 19,90 EUR PAngV: 39,80 EUR pro 100 ml Gewicht: 0.16 Kg Ab 19,90 EUR incl. 19 % UST exkl. Versandkosten Lieferzeit: 3-7 Werktage* Art Produkts: Creme Verwendungszweck: Ausgleichende Feuchtigkeitscreme für Hauttyp Sanumgerman Beschreibung: • verleiht gepflegtes Aussehen strahlenden Teint • spendet Feuchtigkeit für empfindliche Haut geeignet • enthält Germanium, Nachtkerzenöl, Allantoin, Vitamin E Panthenol Didier® Hautcreme Germanium hochwertige Feuchtigkeitscreme Tages- Nachtpflege für Hauttyp eignet insbesondere für reife empfindliche Haut. Die Kombination Sanumgerman Nachtkerzenöl Haut straffenden Feuchtigkeit spendenden Eigenschaften sorgt für Kräftigung Hautstruktur. Wertvolle Zusätze Vitamin E, Allantoin Panthenol runden perfekte Dosierung ausgleichenden Pflegecreme ab. Die fettende, zart schmelzende Creme Haut glatt geschmeidig verleiht strahlendes Aussehen. Zur Steigerung pflegenden Wirkung empfehlen zusätzlich Verwendung Didier® Badeperlen Germanium . Zur Steigerung pflegenden Wirkung empfehlen zusätzlich Verwendung Didier® Badeperlen Germanium. Anwendung: Morgens abends sparsam Gesicht, Hals Dekolleté auftragen sanft einmassieren. Hinweis: Parfum Inhaltsstoffe: Aqua (Water), Cocos Nucifera (Coconut) Oil, Aloe Barbadensis Leaf Juice, Cetearyl Alcohol, Macadamia Integrifolia Seed Oil, Butyrospermum Parkii (Shea) Butter, Glycerin, Dicaprylyl Ether, Argania Spinosa Kernel Oil, Glyceryl Stearate, Panthenol, Tocopheryl Acetate, Cetearyl Glucoside, Oenothera Biennis (Eyening Primrose) Oil, Germanium-Citrate-Lactate Powder, Sodium Hyaluronate, Allantoin, Helianthus Annuus (Sunflower) Seed Oil, Glyceryl Caprylate, Medicago Sativa (Alfalfa) Extract, Sodium Stearoyl Glutamate, Sodium Levulinate, Levulinic Acid, Tocopherol, Ascorbyl Palmitate, Sodium Phytate, Alcohol, Citric Acid, Sodium Benzoate, Potassium Sorbate. Kunden, Artikel kauften, folgende Artikel gekauft: Cajeputöl, kbA Ab 6,90 EUR incl. 19 % UST exkl. Versandkosten Rosengeranienöl, kbA Ab 7,70 EUR incl. 19 % UST exkl. Versandkosten Palmarosaöl, kbA Ab 5,90 EUR incl. 19 % UST exkl. Versandkosten Jojobaöl, kbA Ab 6,90 EUR incl. 19 % UST exkl. Versandkosten Zink-diet Biofrid Ab 9,00 EUR incl. 7 % UST exkl. Versandkosten Selen-Biofrid Ab 5,50 EUR incl. 7 % UST exkl. Versandkosten Powered by First-Web * Gilt für Lieferungen Deutschland. Lieferzeiten für Länder Informationen Berechnung Liefertermins siehe </fragment> </item> <item> <fragment> Didier® Badeperlen Germanium (Beutel) - Biofrid-Cosmetic GmbH &amp; Co. KG Herstellung Vertrieb diätetischen, kosmetischen pharmazeutischen Produkten » Startseite Login / Registrierung | Ihre persönliche Seite | Warenkorb | Kasse Suche Literatur Produkte Ätherische/fette Öle Kosmetik Nahrungsergänzung/erg.bil. Diät Liefer- Versandkosten Datenschutz Unsere AGB Impressum Kontakt Widerrufsrecht Widerrufsformular Newsletter Biofrid Cosmetic GmbH &amp; Co.KG Hasseler Steinweg 9 27318 Hoya Postfach 1355 27316 Hoya Telefon 04251 9352-396 Telefax 04251 9352-290 Social Bookmarks [&lt;&lt;Erstes] [&lt;zurück] [weiter&gt;] [Letztes&gt;&gt;] 48 Artikel Kategorie Didier® Badeperlen Germanium (Beutel) Inhalt: 200 Perlen Art.Nr.: 27535200 Preis: 191,60 EUR PAngV: 0,96 EUR pro Stück Gewicht: 0.9 Kg Ab 191,60 EUR incl. 19 % UST exkl. Versandkosten Lieferzeit: 3-7 Werktage* Art Produkts: Badeperlen Beschreibung: Entspannung Pflege einem. Didier® Badeperlen Germanium für Hauttyp verträglich. Didier® Badeperlen Germanium ausgewählten Inhaltsstoffen hochwertige Pflege für Ihre Haut, wohltuende Art nachhaltig angeregt belebt. Sanumgerman gehört wichtigsten Bestandteilen ausgewogenen pflegenden Komposition, erstmalig Firmengruppe patentiert wurde. Die wohltuenden Inhaltsstoffe Didier® Badeperlen Germanium verteilen Auflösen Kapseln angenehm Hautfläche. Das Zusammenspiel wohlig warmen Bades Didier® Badeperlen Germanium führt entspannenden nachhaltig hautpflegenden Wirkung. Germanium Badeperlen wahre "Perlen", die, regelmäßig angewendet, beitragen, Spannkraft Frische wiederzugewinnen bewahren. Anwendung: 1x wöchentlich Vollbad 1–2 Didier® Badeperlen Hinweis: Zur Steigerung pflegenden Wirkung empfehlen zusätzlich Verwendung Didier® Hautcreme Germanium . Inhalt: 100 / 200 Badeperlen Beutel Inhaltsstoffe: Isopropyl Myristate, Gelatin, Parfum, Silica, Glycerin, Germanium-Citrate-Lactate Powder, Linalool, Limonene, Hexyl Cinnamal, Citronellol, Cinnamyl Alcohol, Eugenol, Alpha-Isomethyl Ionone, Hydroxyisohexyl 3-Cyclohexene Carboxaldehyde, Ethylparaben, Propylparaben, Denatonium Benzoate, CI 77492 Kunden, Artikel kauften, folgende Artikel gekauft: Didier® Nachtkerzen-Vitamin E Lotion Ab 10,60 EUR incl. 19 % UST exkl. Versandkosten Teebaumöl, kbA Ab 6,90 EUR incl. 19 % UST exkl. Versandkosten Zedernöl, kbA Ab 8,50 EUR incl. 19 % UST exkl. Versandkosten Didier® Badeperlen Germanium Ab 19,90 EUR incl. 19 % UST exkl. Versandkosten Zimtblätteröl, kbA Ab 4,00 EUR incl. 19 % UST exkl. Versandkosten Didier® Hautcreme Germanium Ab 19,90 EUR incl. 19 % UST exkl. Versandkosten Powered by First-Web * Gilt für Lieferungen Deutschland. Lieferzeiten für Länder Informationen Berechnung Liefertermins siehe </fragment> </item> <item> <fragment> Cajeput, organic - Biofrid-Cosmetic GmbH &amp; Co. KG Herstellung Vertrieb diätetischen, kosmetischen pharmazeutischen Produkten » Home Login / Register | Your account | Shopping Cart | Cash box Search Literature Products Cosmetics Dietary Supplement Essential/fatty oils Shipping &amp; Returns Privacy Notice General terms and conditions Imprint Contact Right of revocation Standard withdrawal form Newsletter Biofrid Cosmetic GmbH &amp; Co.KG Hasseler Steinweg 9 27318 Hoya Postfach 1355 27316 Hoya Telefon 04251 9352-396 Telefax 04251 9352-290 Social Bookmarks [&lt;&lt;First] [&lt;Back] [Next&gt;] [last&gt;&gt;] 120 Articles this categorie Cajeput, organic Volume: 10 ml Product No.: 93102 PZN: 1927897 Price: 6,90 EUR Price reg.: 69,00 EUR per 100 ml Weight: 0.05 Kg from 6,90 EUR incl. 19 % Tax excl. Shipping costs Shipping time: 3-7 working days* Origin: Vietnam Type of product: Essential oil from controlled organic crops Description: This oil has strong top note which is felt to be refreshing and cleansing. The fresh clear fragrance of this oil is especially effective room fountain. Note: These are volatile, highly concentrated oily substances obtained by different procedures e.g. water steam distillation or cold-pressing, from different plant elements. They are mostly clear and after having volatilized (except after cold-pressing) normally do not leave any visible traces. The products offered by Biofrid® are of high quality whose ingredients originate from controlled organic crops and contain 100% essential oil. Essential oils must be used very sparingly and consciously. They serve to fill room as well as improving the surrounding air with pleasant fragrance. Undiluted they must not come into contact with skin or mucous membranes, as this could cause irritation. Special caution must be exercised during pregnancy and the presence of children. Due to the numerous fragrances contained only one plant, genuine essential oils have very full bouquet to which great importance is attached regarding choice of the country of origin, and this is why the range is limited. In exceptional cases the supplier country is changed, e.g. where cases of supply shortage or crop failure could occur. Content: Melaleuca cajeputi from the leaves Customers who bought this product bought the following products: Didier® Skin Moisturising Cream with Germanium from 19,90 EUR incl. 19 % Tax excl. Shipping costs Didier® Evening Primrose Vitamin E Lotion from 10,60 EUR incl. 19 % Tax excl. Shipping costs Arginin-diet Biofrid from 11,90 EUR incl. 7 % Tax excl. Shipping costs Zinc-diet Biofrid from 9,00 EUR incl. 7 % Tax excl. Shipping costs Majoran, organic from 6,90 EUR incl. 19 % Tax excl. Shipping costs Palmarosa, organic from 5,90 EUR incl. 19 % Tax excl. Shipping costs Powered by First-Web * Gilt für Lieferungen Deutschland. Lieferzeiten für Länder Informationen Berechnung Liefertermins siehe </fragment> </item> <item> <fragment> Thymianöl (linalol), kbA - Biofrid-Cosmetic GmbH &amp; Co. KG Herstellung Vertrieb diätetischen, kosmetischen pharmazeutischen Produkten » Startseite Login / Registrierung | Ihre persönliche Seite | Warenkorb | Kasse Suche Literatur Produkte Ätherische/fette Öle Kosmetik Nahrungsergänzung/erg.bil. Diät Liefer- Versandkosten Datenschutz Unsere AGB Impressum Kontakt Widerrufsrecht Widerrufsformular Newsletter Biofrid Cosmetic GmbH &amp; Co.KG Hasseler Steinweg 9 27318 Hoya Postfach 1355 27316 Hoya Telefon 04251 9352-396 Telefax 04251 9352-290 Social Bookmarks [weiter&gt;] [Letztes&gt;&gt;] 48 Artikel Kategorie Thymianöl (linalol), kbA Inhalt: 5 ml Art.Nr.: 93751 PZN: 6872103 Preis: 11,40 EUR pro Stück PAngV: 228,00 EUR pro Gewicht: 0.05 Kg Ab 11,40 EUR incl. 19 % UST exkl. Versandkosten Lieferzeit: 3-7 Werktage* Herkunft: Frankreich Art Produkts: Ätherisches Öl kontrolliert biologischem Anbau (kbA) Beschreibung: Das ätherische Öl Thymians breites Bouquet Duftnoten, frisch, herb-süß mild reichen Zitrone erinnern. Nach Raumbeduftung erscheint Luft gereinigt, fühlen angeregt motiviert. Hinweis: Unsere ätherischen fetten Öle kontrolliert biologischem Anbau (kbA) höchster Qualität. Es handelt flüchtige, hochkonzentrierte, ölige Substanzen, unterschiedlichen Herstellungsverfahren - Wasserdampfdestillation kalte Pressung - verschiedenen Pflanzenteilen gewonnen werden. Sie zumeist farblos hinterlassen Regel (außer Kaltpressung) sichtbaren Spuren, verflüchtigt haben. Diese ätherischen Öle 100% naturrein. Der Einsatz ätherischer Öle sparsam bewusst geschehen. Sie dienen Raumbeduftung Luftverbesserung. Sie dürfen unverdünnt Haut Schleimhäuten Kontakt gebracht werden, Reizungen führen können. In Schwangerschaft Kindern besondere Vorsicht geboten. Die angebotenen genuinen ätherischen Öle aufgrund Vielzahl einzigen Pflanze enthaltenen Duftstoffe umfassendes Bouquet. Darauf bezüglich Wahl Herkunftslandes Wert gelegt, Sortiment bewusst knapp gehalten. Aufgrund Lieferengpässen Ernteausfällen Ausnahmefällen Land gewechselt werden. Als Trägeröl bieten Jojobaöl an. Inhalt: Thymus vulgaris linalol Kraut Kunden, Artikel kauften, folgende Artikel gekauft: Zink-diet Biofrid Ab 9,00 EUR incl. 7 % UST exkl. Versandkosten Didier® Hautcreme Germanium Ab 19,90 EUR incl. 19 % UST exkl. Versandkosten Didier® Nachtkerzen-Vitamin E Lotion Ab 10,60 EUR incl. 19 % UST exkl. Versandkosten Didier® Nachtkerzen-Vitamin E-Creme Ab 7,50 EUR incl. 19 % UST exkl. Versandkosten Propolis Creme Biofrid Ab 6,90 EUR incl. 19 % UST exkl. Versandkosten Ringelblumen Creme Biofrid Ab 6,90 EUR incl. 19 % UST exkl. Versandkosten Powered by First-Web * Gilt für Lieferungen Deutschland. Lieferzeiten für Länder Informationen Berechnung Liefertermins siehe </fragment> </item> <item> <fragment> Majoranöl, kbA - Biofrid-Cosmetic GmbH &amp; Co. KG Herstellung Vertrieb diätetischen, kosmetischen pharmazeutischen Produkten » Startseite Login / Registrierung | Ihre persönliche Seite | Warenkorb | Kasse Suche Literatur Produkte Ätherische/fette Öle Kosmetik Nahrungsergänzung/erg.bil. Diät Liefer- Versandkosten Datenschutz Unsere AGB Impressum Kontakt Widerrufsrecht Widerrufsformular Newsletter Biofrid Cosmetic GmbH &amp; Co.KG Hasseler Steinweg 9 27318 Hoya Postfach 1355 27316 Hoya Telefon 04251 9352-396 Telefax 04251 9352-290 Social Bookmarks [weiter&gt;] [Letztes&gt;&gt;] 48 Artikel Kategorie Majoranöl, kbA Inhalt: 5 ml Art.Nr.: 93281 PZN: 1927851 Preis: 6,90 EUR PAngV: 138,00 EUR pro 100 ml Gewicht: 0.05 Kg Ab 6,90 EUR incl. 19 % UST exkl. Versandkosten Lieferzeit: 3-7 Werktage* Herkunft: Ägypten Art Produkts: Ätherisches Öl kontrolliert biologischem Anbau (kbA) Beschreibung: Dieser Duft einzigartig würzig, warm krautig. Die enthaltenen Ester vermitteln beruhigenden entspannenden Eindruck, gleichzeitig wärmend ist. Das Majoranöl angenehme, lösende Duftnote. Hinweis: Unsere ätherischen fetten Öle kontrolliert biologischem Anbau (kbA) höchster Qualität. Es handelt flüchtige, hochkonzentrierte, ölige Substanzen, unterschiedlichen Herstellungsverfahren - Wasserdampfdestillation kalte Pressung - verschiedenen Pflanzenteilen gewonnen werden. Sie zumeist farblos hinterlassen Regel (außer Kaltpressung) sichtbaren Spuren, verflüchtigt haben. Diese ätherischen Öle 100% naturrein. Der Einsatz ätherischer Öle sparsam bewusst geschehen. Sie dienen Raumbeduftung Luftverbesserung. Sie dürfen unverdünnt Haut Schleimhäuten Kontakt gebracht werden, Reizungen führen können. In Schwangerschaft Kindern besondere Vorsicht geboten. Die angebotenen genuinen ätherischen Öle aufgrund Vielzahl einzigen Pflanze enthaltenen Duftstoffe umfassendes Bouquet. Darauf bezüglich Wahl Herkunftslandes Wert gelegt, Sortiment bewusst knapp gehalten. Aufgrund Lieferengpässen Ernteausfällen Ausnahmefällen Land gewechselt werden. Als Trägeröl bieten Jojobaöl an. Inhalt: Origanum majorana Kraut Kunden, Artikel kauften, folgende Artikel gekauft: Didier® Hautcreme Germanium Ab 19,90 EUR incl. 19 % UST exkl. Versandkosten Didier® Nachtkerzen-Vitamin E Lotion Ab 10,60 EUR incl. 19 % UST exkl. Versandkosten Didier® Nachtkerzen-Vitamin E-Creme Ab 7,50 EUR incl. 19 % UST exkl. Versandkosten Propolis Creme Biofrid Ab 6,90 EUR incl. 19 % UST exkl. Versandkosten Ringelblumen Creme Biofrid Ab 6,90 EUR incl. 19 % UST exkl. Versandkosten Bergamotteöl, kbA Ab 8,50 EUR incl. 19 % UST exkl. Versandkosten Powered by First-Web * Gilt für Lieferungen Deutschland. Lieferzeiten für Länder Informationen Berechnung Liefertermins siehe </fragment> </item> <item> <fragment> Fischöl Kapseln Biofrid - Biofrid-Cosmetic GmbH &amp; Co. KG Herstellung Vertrieb diätetischen, kosmetischen pharmazeutischen Produkten » Startseite Login / Registrierung | Ihre persönliche Seite | Warenkorb | Kasse Suche Literatur Produkte Ätherische/fette Öle Kosmetik Nahrungsergänzung/erg.bil. Diät Liefer- Versandkosten Datenschutz Unsere AGB Impressum Kontakt Widerrufsrecht Widerrufsformular Newsletter Biofrid Cosmetic GmbH &amp; Co.KG Hasseler Steinweg 9 27318 Hoya Postfach 1355 27316 Hoya Telefon 04251 9352-396 Telefax 04251 9352-290 Social Bookmarks [weiter&gt;] [Letztes&gt;&gt;] 48 Artikel Kategorie Fischöl Kapseln Biofrid 240er 60er Inhalt: 60 Kapseln Art.Nr.: 37311060 PZN: 10132493 Preis: 10,70 EUR PAngV: 25,48 EUR pro 100 Gramm Gewicht: 0.07 Kg 240 Kapseln Art.Nr.: 37311240 PZN: 10132501 Preis: 32,90 EUR PAngV: 19,58 EUR pro 100 Gramm Gewicht: 0.24 Kg Ab 10,70 EUR incl. 7 % UST exkl. Versandkosten Lieferzeit: 3-7 Werktage* Nahrungsergänzungsmittel ungesättigten Fettsäuren Zutaten: Fischöl (71,4%), Gelatine, Feuchthaltemittel: Glycerin, DL-alpha-Tocopherylacetat, Antioxidationsmittel: stark tocopherolhaltige Extrakte Füllmenge: 42 (60 Kapseln) 168 (240 Kapseln) Verzehrempfehlung: 3 mal täglich 2 Kapseln Mahlzeiten verzehren Health Claim(s): EPA DHA tragen normalen Herzfunktion bei. DHA trägt normalen Gehirnfunktion Sehkraft bei. Hinweis: Das Öl Fischöl Kapseln Biofrid Hochseefischen gewonnen enthält ungesättigte Fettsäuren (die sogenannten Omega-3-Fettsäuren EPA DHA). Der Ersatz gesättigter Fettsäuren einfach und/oder mehrfach ungesättigte Fettsäuren Ernährung trägt Aufrechterhaltung normalen Cholesterinspiegels Blut bei. Der menschliche Organismus ausreichend produzieren, sodass Nahrung aufgenommen müssen. Die positive Wirkung Erhaltung normalen Gehirnfunktion Sehkraft stellt täglichen Aufnahme 250 mg DHA ein. Die positive Wirkung Erhaltung normalen Herzfunktion stellt täglichen Aufnahme 250 mg EPA DHA ein. Dieses Nahrungsergänzungsmittel Ersatz für abwechslungsreiche ausgewogene Ernährung gesunde Lebensweise. Die angegebene Tagesdosis überschreiten. Für Kinder unzugänglich aufbewahren. Nährstofftabelle: Nährstoff pro Tag (6 Kapseln) % T.B. 1) Fischöl 3.000 mg 2) * Eicosapentaensäure (EPA) 480 mg 2) * Docosahexaensäure (DHA) 300 mg 2) * Omega-3-Fettsäuren 900 mg 1) Referenzmenge gemäß LMIV 2) RDA-Wert festgelegt Nährwerttabelle: Brennwert 126 kJ/ 30 kcal Fett 3,0 * gesättigte Fettsäuren 0,6 * einfach ungesättigte Fettsäuren 0,6 * mehrfach ungesättigte Fettsäuren 1,2 Kohlenhydrate 0,3 * Zucker 0 Eiweiß 0,6 Salz &lt; 0,1 Vitamin E 1,8 mg alpha-TE 15 Allergene: Fisch Hersteller: Sanum-Kehlbeck GmbH &amp; Co. KG, Hasseler Steinweg 9, 27318 Hoya Kunden, Artikel kauften, folgende Artikel gekauft: Nachtkerzenöl Kapseln Ab 10,20 EUR incl. 7 % UST exkl. Versandkosten Didier® Nachtkerzen-Vitamin E-Creme Ab 7,50 EUR incl. 19 % UST exkl. Versandkosten Didier® Hautcreme Germanium Ab 19,90 EUR incl. 19 % UST exkl. Versandkosten Arnica Creme Biofrid Ab 6,90 EUR incl. 19 % UST exkl. Versandkosten Ringelblumen Creme Biofrid Ab 6,90 EUR incl. 19 % UST exkl. Versandkosten Propolis Creme Biofrid Ab 6,90 EUR incl. 19 % UST exkl. Versandkosten Powered by First-Web * Gilt für Lieferungen Deutschland. Lieferzeiten für Länder Informationen Berechnung Liefertermins siehe </fragment> </item> <item> <fragment> rechtsdrehende Milchsäure RMS Biofrid - Biofrid-Cosmetic GmbH &amp; Co. KG Herstellung Vertrieb diätetischen, kosmetischen pharmazeutischen Produkten » Startseite Login / Registrierung | Ihre persönliche Seite | Warenkorb | Kasse Suche Literatur Produkte Ätherische/fette Öle Kosmetik Nahrungsergänzung/erg.bil. Diät Liefer- Versandkosten Datenschutz Unsere AGB Impressum Kontakt Widerrufsrecht Widerrufsformular Newsletter Biofrid Cosmetic GmbH &amp; Co.KG Hasseler Steinweg 9 27318 Hoya Postfach 1355 27316 Hoya Telefon 04251 9352-396 Telefax 04251 9352-290 Social Bookmarks [weiter&gt;] [Letztes&gt;&gt;] 48 Artikel Kategorie RMS Biofrid Inhalt: 100 ml Art.Nr.: 96707 PZN: 10132470 Preis: 18,00 EUR PAngV: 180,00 EUR pro Liter Gewicht: 0.24 Kg Ab 18,00 EUR incl. 7 % UST exkl. Versandkosten Lieferzeit: 3-7 Werktage* Nahrungsergänzungsmittel Zutaten: Wasser, Milchsäure (25 %). Füllmenge: 100 ml (entsprechen 135 Tagesdosen á 20 Tropfen bzw. 45 Tagesdosen á 60 Tropfen) Verzehrempfehlung: 1-3 mal täglich 20 Tropfen verdünnt Wasser Tee einnehmen. Hinweis Die angegebene empfohlene tägliche Verzehrmenge überschritten werden. Nahrungsergänzungsmittel Ersatz für ausgewogene abwechslungsreiche Ernährung gesunde Lebensweise verwendet werden. Bitte außerhalb Reichweite Kindern lagern. Nicht unverdünnt einnehmen. Nährstofftabelle: Nährstoff pro 100 ml pro 20 Tropfen pro 3 20 (= 60) Tropfen L(+)-Milchsäure 25 185 mg 555 mg *) *) Referenzmenge gemäß Lebensmittelinformationsverordnung Nährwerttabelle Brennwert 325 kJ/ 2,4 kJ/ 7,2 kJ/ 75 kcal 0,6 kcal 1,7 kcal Fett 0 0 0 * gesättigte Fettsäuren 0 0 0 Kohlenhydrate 0 0 0 * Zucker 0 0 0 Eiweiß 0 0 0 Salz 0 0 0 Allergene enthalten Hersteller: Sanum-Kehlbeck GmbH &amp; Co. KG, Hasseler Steinweg 9, 27318 Hoya Kunden, Artikel kauften, folgende Artikel gekauft: Teebaumöl, kbA Ab 6,90 EUR incl. 19 % UST exkl. Versandkosten Jojobaöl, kbA Ab 6,90 EUR incl. 19 % UST exkl. Versandkosten Didier® Nachtkerzen-Vitamin E Lotion Ab 10,60 EUR incl. 19 % UST exkl. Versandkosten Nachtkerzenöl Kapseln Ab 10,20 EUR incl. 7 % UST exkl. Versandkosten Zedernöl, kbA Ab 8,50 EUR incl. 19 % UST exkl. Versandkosten Didier® Badeperlen Germanium Ab 19,90 EUR incl. 19 % UST exkl. Versandkosten Powered by First-Web * Gilt für Lieferungen Deutschland. Lieferzeiten für Länder Informationen Berechnung Liefertermins siehe </fragment> </item> <item> <fragment> Zink-diet Biofrid - Biofrid-Cosmetic GmbH &amp; Co. KG Herstellung Vertrieb diätetischen, kosmetischen pharmazeutischen Produkten » Startseite Login / Registrierung | Ihre persönliche Seite | Warenkorb | Kasse Suche Literatur Produkte Ätherische/fette Öle Kosmetik Nahrungsergänzung/erg.bil. Diät Liefer- Versandkosten Datenschutz Unsere AGB Impressum Kontakt Widerrufsrecht Widerrufsformular Newsletter Biofrid Cosmetic GmbH &amp; Co.KG Hasseler Steinweg 9 27318 Hoya Postfach 1355 27316 Hoya Telefon 04251 9352-396 Telefax 04251 9352-290 Social Bookmarks [weiter&gt;] [Letztes&gt;&gt;] 48 Artikel Kategorie Zink-diet Biofrid 100er 40er Inhalt: 40 Kapseln Art.Nr.: 94802 PZN: 09192610 Preis: 9,00 EUR PAngV: 76,27 EUR pro 100 Gramm Gewicht: 0.04 Kg 100 Kapseln Art.Nr.: 94807 PZN: 09192627 Preis: 15,50 EUR PAngV: 52,54 EUR pro 100 Gramm Gewicht: 0.07 Kg Ab 9,00 EUR incl. 7 % UST exkl. Versandkosten Lieferzeit: 3-7 Werktage* Diätetisches Lebensmittel für besondere medizinische Zwecke (bilanzierte Diät) Zutaten: Füllstoff Cellulose, Überzugsmittel Hydroxypropylmethylcellulose, Zinkgluconat, Trennmittel Magnesiumsalze Speisefettsäuren Füllmenge: 11,8 (40 Kapseln) entsprechen 20 Tagesdosen á 2 Kapseln 29,5 (100 Kapseln) entsprechen 50 Tagesdosen á 2 Kapseln Verzehrempfehlung: 2 mal täglich 1 Kapsel Mahlzeit verzehren Zweckbestimmung Zur diätetischen Behandlung entzündlichen allergischen Hauterkrankungen (z.B. Neurodermitis) Haarausfall (z.B. Alopecia areata) Zufuhr Zink. Hinweis Zink für normale Entwicklung Funktion Haut Hautanhangsgebilde zentraler Bedeutung. Das Spurenelement Zink Bestandteil zahlreicher lebensnotwendiger Enzyme für Funktion Hormone benötigt. Zink Körper hergestellt gespeichert werden. Es über gesunde ausgewogene Ernährung zugeführt werden. Ein Mangel Zink Störungen Hautstoffwechsels Bildung Haaren Nägeln führen. Im Körper wirkt Zink Antioxidans schützt freien Radikalen. In Zinkgluconat Zink organisch gebunden Körper aufgenommen werden. Zink-diet für Erwachsene bestimmt ergänzende bilanzierte Diät ärztlicher Aufsicht verwendet werden. Da Erfahrungen Schwangeren stillenden Frauen vorliegen, Personengruppe Verzehr Zink-diet abzuraten. Zink-diet schweren Schäden Nierenparenchyms akutem Nierenversagen anzuwenden. Dieses diätetische Lebensmittel Ersatz für abwechslungsreiche ausgewogene Ernährung gesunde Lebensweise. Die angegebene Tagesdosis überschreiten. Für Kinder unzugänglich aufbewahren. Nährstofftabelle: Nährstoff pro (100 g) pro Portion (1 Kapseln) pro Tag (2 Kapseln) Zink 2,5 7,5 mg 15,0 mg Nährwerttabelle Brennwert 24,8 kJ/ 6,0 kcal 0,1 kJ/ Fett 0,7 * gesättigte Fettsäuren 0,7 Kohlenhydrate 0 0 0 * Zucker 0 0 0 Eiweiß 0 0 0 Salz 0 0 0 Allergene enthalten Hersteller: Sanum-Kehlbeck GmbH &amp; Co. KG, Hasseler Steinweg 9, 27318 Hoya Kunden, Artikel kauften, folgende Artikel gekauft: Nachtkerzenöl Kapseln Ab 10,20 EUR incl. 7 % UST exkl. Versandkosten Didier® Nachtkerzen-Vitamin E-Creme Ab 7,50 EUR incl. 19 % UST exkl. Versandkosten Didier® Nachtkerzen-Vitamin E Lotion Ab 10,60 EUR incl. 19 % UST exkl. Versandkosten Didier® Hautcreme Germanium Ab 19,90 EUR incl. 19 % UST exkl. Versandkosten Palmarosaöl, kbA Ab 5,90 EUR incl. 19 % UST exkl. Versandkosten Cajeputöl, kbA Ab 6,90 EUR incl. 19 % UST exkl. Versandkosten Powered by First-Web * Gilt für Lieferungen Deutschland. Lieferzeiten für Länder Informationen Berechnung Liefertermins siehe </fragment> </item> <item> <fragment> Cajeputöl, kbA - Biofrid-Cosmetic GmbH &amp; Co. KG Herstellung Vertrieb diätetischen, kosmetischen pharmazeutischen Produkten » Startseite Login / Registrierung | Ihre persönliche Seite | Warenkorb | Kasse Suche Literatur Produkte Ätherische/fette Öle Kosmetik Nahrungsergänzung/erg.bil. Diät Liefer- Versandkosten Datenschutz Unsere AGB Impressum Kontakt Widerrufsrecht Widerrufsformular Newsletter Biofrid Cosmetic GmbH &amp; Co.KG Hasseler Steinweg 9 27318 Hoya Postfach 1355 27316 Hoya Telefon 04251 9352-396 Telefax 04251 9352-290 Social Bookmarks [weiter&gt;] [Letztes&gt;&gt;] 48 Artikel Kategorie Cajeputöl, kbA Inhalt: 10 ml Art.Nr.: 93102 PZN: 1927897 Preis: 6,90 EUR PAngV: 69,00 EUR pro 100 ml Gewicht: 0.05 Kg Ab 6,90 EUR incl. 19 % UST exkl. Versandkosten Lieferzeit: 3-7 Werktage* Herkunft: Vietnam Art Produkts: Ätherisches Öl kontrolliert biologischem Anbau (kbA) Beschreibung: Dieses Öl starke Kopfnote, erfrischend reinigend empfunden wird. Das frische klare Duftprofil Geltung Verwendung Wasserspiel. Hinweis: Unsere ätherischen fetten Öle kontrolliert biologischem Anbau (kbA) höchster Qualität. Es handelt flüchtige, hochkonzentrierte, ölige Substanzen, unterschiedlichen Herstellungsverfahren - Wasserdampfdestillation kalte Pressung - verschiedenen Pflanzenteilen gewonnen werden. Sie zumeist farblos hinterlassen Regel (außer Kaltpressung) sichtbaren Spuren, verflüchtigt haben. Diese ätherischen Öle 100% naturrein. Der Einsatz ätherischer Öle sparsam bewusst geschehen. Sie dienen Raumbeduftung Luftverbesserung. Sie dürfen unverdünnt Haut Schleimhäuten Kontakt gebracht werden, Reizungen führen können. In Schwangerschaft Kindern besondere Vorsicht geboten. Die angebotenen genuinen ätherischen Öle aufgrund Vielzahl einzigen Pflanze enthaltenen Duftstoffe umfassendes Bouquet. Darauf bezüglich Wahl Herkunftslandes Wert gelegt, Sortiment bewusst knapp gehalten. Aufgrund Lieferengpässen Ernteausfällen Ausnahmefällen Land gewechselt werden. Als Trägeröl bieten Jojobaöl an. Inhalt: Melaleuca cajeputi Blättern Kunden, Artikel kauften, folgende Artikel gekauft: Didier® Hautcreme Germanium Ab 19,90 EUR incl. 19 % UST exkl. Versandkosten Didier® Nachtkerzen-Vitamin E Lotion Ab 10,60 EUR incl. 19 % UST exkl. Versandkosten Arginin-diet Biofrid Ab 11,90 EUR incl. 7 % UST exkl. Versandkosten Zink-diet Biofrid Ab 9,00 EUR incl. 7 % UST exkl. Versandkosten Majoranöl, kbA Ab 6,90 EUR incl. 19 % UST exkl. Versandkosten Palmarosaöl, kbA Ab 5,90 EUR incl. 19 % UST exkl. Versandkosten Powered by First-Web * Gilt für Lieferungen Deutschland. Lieferzeiten für Länder Informationen Berechnung Liefertermins siehe </fragment> </item> <item> <fragment> Selen-Biofrid - Biofrid-Cosmetic GmbH &amp; Co. KG Herstellung Vertrieb diätetischen, kosmetischen pharmazeutischen Produkten » Startseite Login / Registrierung | Ihre persönliche Seite | Warenkorb | Kasse Suche Literatur Produkte Ätherische/fette Öle Kosmetik Nahrungsergänzung/erg.bil. Diät Liefer- Versandkosten Datenschutz Unsere AGB Impressum Kontakt Widerrufsrecht Widerrufsformular Newsletter Biofrid Cosmetic GmbH &amp; Co.KG Hasseler Steinweg 9 27318 Hoya Postfach 1355 27316 Hoya Telefon 04251 9352-396 Telefax 04251 9352-290 Social Bookmarks [weiter&gt;] [Letztes&gt;&gt;] 48 Artikel Kategorie Selen-Biofrid 100er 20er Inhalt: 20 Kapseln Art.Nr.: 96601 PZN: 4240988 Preis: 5,50 EUR PAngV: 67,90 EUR pro 100 Gramm Gewicht: 0.03 Kg 100 Kapseln Art.Nr.: 96607 PZN: 4241522 Preis: 15,90 EUR PAngV: 39,36 EUR pro 100 Gramm Gewicht: 0.08 Kg Ab 5,50 EUR incl. 7 % UST exkl. Versandkosten Lieferzeit: 3-7 Werktage* Nahrungsergänzungsmittel L-Selenomethionin Zutaten: Füllstoff Cellulose, Überzugsmittel Hydroxypropylmethylcellulose, Füllstoff Monocalciumphosphat, Trennmittel Magnesiumsalze Speisefettsäuren, L-Selenomethionin. Füllmenge: 8,1 (20 Kapseln) 40,4 (100 Kapseln) Verzehrempfehlung: täglich 1 Kapsel Mahlzeit verzehren Health Claim(s) Unterstützung Zellschutzes funktionsfähigen Immunsystems Verwertung Jod Produktion Schilddrüsenhormonen. Hinweis Selen zählt essentiellen Spurenelementen. Das Gruppe Chalkogene (Erzbildner) zählende Element findet Pflanzen vorzugsweise Form L-Selenomethionin. Im Körper Menschen 20 Milligramm Selen vorhanden. Die Hauptmenge Muskeln lokalisiert. Die höchsten Konzentrationen treten Leber, Niere Milz auf. Selen schützt Körperzellen oxidativen Schädigungen. Selen hilft freie Radikale abzufangen unterstützt Funktion Immunsystems. Der Körper braucht Selen für Verwertung Jod Produktion Schilddrüsenhormonen. Die angegebene empfohlene tägliche Verzehrmenge überschritten werden. Nahrungsergänzungsmittel Ersatz für ausgewogene abwechslungsreiche Ernährung gesunde Lebensweise verwendet werden. Bitte außerhalb Reichweite Kindern lagern. Nährstofftabelle: Nährstoff pro 100 pro Tag (1 Kapsel) % NRV *) Selen 7 mg 30 μg 55% *) Referenzmenge gemäß Lebensmittelinformationsverordnung Nährwerttabelle Brennwert 5,8 kJ/ 1,4 kcal 0 kJ/ 0 kcal Fett 0,2 0 * gesättigte Fettsäuren 0,2 0 Kohlenhydrate 0 0 * Zucker 0 0 Eiweiß 0 0 Salz 0 0 Allergene enthalten Hersteller: Sanum-Kehlbeck GmbH &amp; Co. KG, Hasseler Steinweg 9, 27318 Hoya Kunden, Artikel kauften, folgende Artikel gekauft: Nachtkerzenöl Kapseln Ab 10,20 EUR incl. 7 % UST exkl. Versandkosten Didier® Nachtkerzen-Vitamin E Lotion Ab 10,60 EUR incl. 19 % UST exkl. Versandkosten Didier® Hautcreme Germanium Ab 19,90 EUR incl. 19 % UST exkl. Versandkosten Fischöl Kapseln Biofrid Ab 10,70 EUR incl. 7 % UST exkl. Versandkosten Lavendelöl, kbA Ab 8,50 EUR incl. 19 % UST exkl. Versandkosten EPALIPID® Ab 17,50 EUR incl. 7 % UST exkl. Versandkosten Powered by First-Web * Gilt für Lieferungen Deutschland. Lieferzeiten für Länder Informationen Berechnung Liefertermins siehe </fragment> </item> <item> <fragment> Jojobaöl, kbA - Biofrid-Cosmetic GmbH &amp; Co. KG Herstellung Vertrieb diätetischen, kosmetischen pharmazeutischen Produkten » Startseite Login / Registrierung | Ihre persönliche Seite | Warenkorb | Kasse Suche Literatur Produkte Ätherische/fette Öle Kosmetik Nahrungsergänzung/erg.bil. Diät Liefer- Versandkosten Datenschutz Unsere AGB Impressum Kontakt Widerrufsrecht Widerrufsformular Newsletter Biofrid Cosmetic GmbH &amp; Co.KG Hasseler Steinweg 9 27318 Hoya Postfach 1355 27316 Hoya Telefon 04251 9352-396 Telefax 04251 9352-290 Social Bookmarks [weiter&gt;] [Letztes&gt;&gt;] 48 Artikel Kategorie Jojobaöl, kbA Inhalt: 50 ml Art.Nr.: 93956 PZN: 6872244 Preis: 6,90 EUR PAngV: 13,80 EUR pro 100 ml Gewicht: 0.11 Kg Ab 6,90 EUR incl. 19 % UST exkl. Versandkosten Lieferzeit: 3-7 Werktage* Herkunft: Argentinien / Israel / Ägypten Art Produkts: Fettes Öl kontrolliert biologischem Anbau (kalt gepreßt) Beschreibung: Jojobaöl Nüssen holzigen Strauches gewonnen, Halbwüsten wächst. Es pflegt, erhält Hautfeuchtigkeit fast geruchsneutral. Jojobaöl enthält Vitamin A E Lichtschutzfaktor 3-4. Aufgrund wachsartigen Charakters Jojobaöl ranzig zeichnet Haltbarkeit aus. Seine positiven Eigenschaften hervorragenden (Träger-) Öl Kosmetik gemacht. Inhalt: Simmondsia chinensis Nüssen Kunden, Artikel kauften, folgende Artikel gekauft: Didier® Hautcreme Germanium Ab 19,90 EUR incl. 19 % UST exkl. Versandkosten RMS Biofrid Ab 18,00 EUR incl. 7 % UST exkl. Versandkosten Teebaumöl, kbA Ab 6,90 EUR incl. 19 % UST exkl. Versandkosten Bergamotteöl, kbA Ab 8,50 EUR incl. 19 % UST exkl. Versandkosten Thymianöl (linalol), kbA Ab 11,40 EUR incl. 19 % UST exkl. Versandkosten Rosengeranienöl, kbA Ab 7,70 EUR incl. 19 % UST exkl. Versandkosten Powered by First-Web * Gilt für Lieferungen Deutschland. Lieferzeiten für Länder Informationen Berechnung Liefertermins siehe </fragment> </item> <item> <fragment> Palmarosaöl, kbA - Biofrid-Cosmetic GmbH &amp; Co. KG Herstellung Vertrieb diätetischen, kosmetischen pharmazeutischen Produkten » Startseite Login / Registrierung | Ihre persönliche Seite | Warenkorb | Kasse Suche Literatur Produkte Ätherische/fette Öle Kosmetik Nahrungsergänzung/erg.bil. Diät Liefer- Versandkosten Datenschutz Unsere AGB Impressum Kontakt Widerrufsrecht Widerrufsformular Newsletter Biofrid Cosmetic GmbH &amp; Co.KG Hasseler Steinweg 9 27318 Hoya Postfach 1355 27316 Hoya Telefon 04251 9352-396 Telefax 04251 9352-290 Social Bookmarks [weiter&gt;] [Letztes&gt;&gt;] 48 Artikel Kategorie Palmarosaöl, kbA Inhalt: 5 ml Art.Nr.: 93501 PZN: 6872014 Preis: 5,90 EUR PAngV: 118,00 EUR pro 100 ml Gewicht: 0.05 Kg Ab 5,90 EUR incl. 19 % UST exkl. Versandkosten Lieferzeit: 3-7 Werktage* Herkunft: Himalaya Art Produkts: Ätherisches Öl kontrolliert biologischem Anbau (kbA) Beschreibung: Der ausgleichende, milde Duft Öls blumig würzig. Er erinnert Rose. Dadurch spricht stark Gefühl gehört Ölen starken Herznote. Hinweis: Unsere ätherischen fetten Öle kontrolliert biologischem Anbau (kbA) höchster Qualität. Es handelt flüchtige, hochkonzentrierte, ölige Substanzen, unterschiedlichen Herstellungsverfahren - Wasserdampfdestillation kalte Pressung - verschiedenen Pflanzenteilen gewonnen werden. Sie zumeist farblos hinterlassen Regel (außer Kaltpressung) sichtbaren Spuren, verflüchtigt haben. Diese ätherischen Öle 100% naturrein. Der Einsatz ätherischer Öle sparsam bewusst geschehen. Sie dienen Raumbeduftung Luftverbesserung. Sie dürfen unverdünnt Haut Schleimhäuten Kontakt gebracht werden, Reizungen führen können. In Schwangerschaft Kindern besondere Vorsicht geboten. Die angebotenen genuinen ätherischen Öle aufgrund Vielzahl einzigen Pflanze enthaltenen Duftstoffe umfassendes Bouquet. Darauf bezüglich Wahl Herkunftslandes Wert gelegt, Sortiment bewusst knapp gehalten. Aufgrund Lieferengpässen Ernteausfällen Ausnahmefällen Land gewechselt werden. Als Trägeröl bieten Jojobaöl an. Inhalt: Cymbopogon martinii Blättern Kunden, Artikel kauften, folgende Artikel gekauft: Didier® Hautcreme Germanium Ab 19,90 EUR incl. 19 % UST exkl. Versandkosten Zink-diet Biofrid Ab 9,00 EUR incl. 7 % UST exkl. Versandkosten Bergamotteöl, kbA Ab 8,50 EUR incl. 19 % UST exkl. Versandkosten Cajeputöl, kbA Ab 6,90 EUR incl. 19 % UST exkl. Versandkosten Lorbeerblätteröl, kbA Ab 10,50 EUR incl. 19 % UST exkl. Versandkosten Rosmarinöl (verbenon), kbA Ab 9,50 EUR incl. 19 % UST exkl. Versandkosten Powered by First-Web * Gilt für Lieferungen Deutschland. Lieferzeiten für Länder Informationen Berechnung Liefertermins siehe </fragment> </item> <item> <fragment> Zimtblätteröl, kbA - Biofrid-Cosmetic GmbH &amp; Co. KG Herstellung Vertrieb diätetischen, kosmetischen pharmazeutischen Produkten » Startseite Login / Registrierung | Ihre persönliche Seite | Warenkorb | Kasse Suche Literatur Produkte Ätherische/fette Öle Kosmetik Nahrungsergänzung/erg.bil. Diät Liefer- Versandkosten Datenschutz Unsere AGB Impressum Kontakt Widerrufsrecht Widerrufsformular Newsletter Biofrid Cosmetic GmbH &amp; Co.KG Hasseler Steinweg 9 27318 Hoya Postfach 1355 27316 Hoya Telefon 04251 9352-396 Telefax 04251 9352-290 Social Bookmarks [weiter&gt;] [Letztes&gt;&gt;] 48 Artikel Kategorie Zimtblätteröl, kbA Inhalt: 5 ml Art.Nr.: 93851 PZN: 6872221 Preis: 4,00 EUR PAngV: 80,00 EUR pro 100 ml Gewicht: 0.05 Kg Ab 4,00 EUR incl. 19 % UST exkl. Versandkosten Lieferzeit: 3-7 Werktage* Herkunft: Sri Lanka Art Produkts: Ätherisches Öl kontrolliert biologischem Anbau (kbA) Beschreibung: Der Duft ätherischen Zimtöles Verwendung Pflanze Küche bekannt. Würzig, süß angenehm mild wirkt erwärmend, anregend inspirierend. Er vermittelt Gefühl angenehmen Geborgenheit. Hinweis: Unsere ätherischen fetten Öle kontrolliert biologischem Anbau (kbA) höchster Qualität. Es handelt flüchtige, hochkonzentrierte, ölige Substanzen, unterschiedlichen Herstellungsverfahren - Wasserdampfdestillation kalte Pressung - verschiedenen Pflanzenteilen gewonnen werden. Sie zumeist farblos hinterlassen Regel (außer Kaltpressung) sichtbaren Spuren, verflüchtigt haben. Diese ätherischen Öle 100% naturrein. Der Einsatz ätherischer Öle sparsam bewusst geschehen. Sie dienen Raumbeduftung Luftverbesserung. Sie dürfen unverdünnt Haut Schleimhäuten Kontakt gebracht werden, Reizungen führen können. In Schwangerschaft Kindern besondere Vorsicht geboten. Die angebotenen genuinen ätherischen Öle aufgrund Vielzahl einzigen Pflanze enthaltenen Duftstoffe umfassendes Bouquet. Darauf bezüglich Wahl Herkunftslandes Wert gelegt, Sortiment bewusst knapp gehalten. Aufgrund Lieferengpässen Ernteausfällen Ausnahmefällen Land gewechselt werden. Als Trägeröl bieten Jojobaöl an. Inhalt: Cinnamomum ceylanicum Blättern Kunden, Artikel kauften, folgende Artikel gekauft: Bergamotteöl, kbA Ab 8,50 EUR incl. 19 % UST exkl. Versandkosten Rosengeranienöl, kbA Ab 7,70 EUR incl. 19 % UST exkl. Versandkosten Thymianöl (linalol), kbA Ab 11,40 EUR incl. 19 % UST exkl. Versandkosten Didier® Badeperlen Germanium (Beutel) Ab 191,60 EUR incl. 19 % UST exkl. Versandkosten RMS Biofrid Ab 18,00 EUR incl. 7 % UST exkl. Versandkosten EPALIPID® Ab 17,50 EUR incl. 7 % UST exkl. Versandkosten Powered by First-Web * Gilt für Lieferungen Deutschland. Lieferzeiten für Länder Informationen Berechnung Liefertermins siehe </fragment> </item> <item> <fragment> Zedernöl, kbA - Biofrid-Cosmetic GmbH &amp; Co. KG Herstellung Vertrieb diätetischen, kosmetischen pharmazeutischen Produkten » Startseite Login / Registrierung | Ihre persönliche Seite | Warenkorb | Kasse Suche Literatur Produkte Ätherische/fette Öle Kosmetik Nahrungsergänzung/erg.bil. Diät Liefer- Versandkosten Datenschutz Unsere AGB Impressum Kontakt Widerrufsrecht Widerrufsformular Newsletter Biofrid Cosmetic GmbH &amp; Co.KG Hasseler Steinweg 9 27318 Hoya Postfach 1355 27316 Hoya Telefon 04251 9352-396 Telefax 04251 9352-290 Social Bookmarks [weiter&gt;] [Letztes&gt;&gt;] 48 Artikel Kategorie Zedernöl, kbA Inhalt: 10 ml Art.Nr.: 93802 PZN: 6872215 Preis: 8,50 EUR PAngV: 85,00 EUR pro 100 ml Gewicht: 0.05 Kg Ab 8,50 EUR incl. 19 % UST exkl. Versandkosten Lieferzeit: 3-7 Werktage* Herkunft: Marokko Art Produkts: Ätherisches Öl kontrolliert biologischem Anbau (kbA) Beschreibung: Das Holz, ätherische Öl gewonnen wird, hinterlässt starke Spuren Duft Öles. Er holzig, balsamisch warm. Bei Raumbeduftung schafft ausgleichende stabilisierende Atmosphäre, Gefühl Ruhe Geborgenheit aufkommt. Hinweis: Unsere ätherischen fetten Öle kontrolliert biologischem Anbau (kbA) höchster Qualität. Es handelt flüchtige, hochkonzentrierte, ölige Substanzen, unterschiedlichen Herstellungsverfahren - Wasserdampfdestillation kalte Pressung - verschiedenen Pflanzenteilen gewonnen werden. Sie zumeist farblos hinterlassen Regel (außer Kaltpressung) sichtbaren Spuren, verflüchtigt haben. Diese ätherischen Öle 100% naturrein. Der Einsatz ätherischer Öle sparsam bewusst geschehen. Sie dienen Raumbeduftung Luftverbesserung. Sie dürfen unverdünnt Haut Schleimhäuten Kontakt gebracht werden, Reizungen führen können. In Schwangerschaft Kindern besondere Vorsicht geboten. Die angebotenen genuinen ätherischen Öle aufgrund Vielzahl einzigen Pflanze enthaltenen Duftstoffe umfassendes Bouquet. Darauf bezüglich Wahl Herkunftslandes Wert gelegt, Sortiment bewusst knapp gehalten. Aufgrund Lieferengpässen Ernteausfällen Ausnahmefällen Land gewechselt werden. Als Trägeröl bieten Jojobaöl an. Inhalt: Cedrus atlantica Holz Kunden, Artikel kauften, folgende Artikel gekauft: RMS Biofrid Ab 18,00 EUR incl. 7 % UST exkl. Versandkosten Didier® Hautcreme Germanium Ab 19,90 EUR incl. 19 % UST exkl. Versandkosten Arginin-diet Biofrid Ab 11,90 EUR incl. 7 % UST exkl. Versandkosten Palmarosaöl, kbA Ab 5,90 EUR incl. 19 % UST exkl. Versandkosten Didier® Badeperlen Germanium (Beutel) Ab 191,60 EUR incl. 19 % UST exkl. Versandkosten Didier® Badeperlen Germanium Ab 19,90 EUR incl. 19 % UST exkl. Versandkosten Powered by First-Web * Gilt für Lieferungen Deutschland. Lieferzeiten für Länder Informationen Berechnung Liefertermins siehe </fragment> </item> <item> <fragment> Teebaumöl, kbA - Biofrid-Cosmetic GmbH &amp; Co. KG Herstellung Vertrieb diätetischen, kosmetischen pharmazeutischen Produkten » Startseite Login / Registrierung | Ihre persönliche Seite | Warenkorb | Kasse Suche Literatur Produkte Ätherische/fette Öle Kosmetik Nahrungsergänzung/erg.bil. Diät Liefer- Versandkosten Datenschutz Unsere AGB Impressum Kontakt Widerrufsrecht Widerrufsformular Newsletter Biofrid Cosmetic GmbH &amp; Co.KG Hasseler Steinweg 9 27318 Hoya Postfach 1355 27316 Hoya Telefon 04251 9352-396 Telefax 04251 9352-290 Social Bookmarks [weiter&gt;] [Letztes&gt;&gt;] 48 Artikel Kategorie Teebaumöl, kbA Inhalt: 10 ml Art.Nr.: 93702 PZN: 6872066 Preis: 6,90 EUR PAngV: 69,00 EUR pro 100 ml Gewicht: 0.05 Kg Ab 6,90 EUR incl. 19 % UST exkl. Versandkosten Lieferzeit: 3-7 Werktage* Herkunft: Australien Art Produkts: Ätherisches Öl kontrolliert biologischem Anbau (kbA) Beschreibung: Das Teebaumöl aufgrund typischen strengen, krautig-würzigen Duftes bekannt. Man empfindet erfrischende Klarheit, konzentriertem Denken anregt. Hinweis: Unsere ätherischen fetten Öle kontrolliert biologischem Anbau (kbA) höchster Qualität. Es handelt flüchtige, hochkonzentrierte, ölige Substanzen, unterschiedlichen Herstellungsverfahren - Wasserdampfdestillation kalte Pressung - verschiedenen Pflanzenteilen gewonnen werden. Sie zumeist farblos hinterlassen Regel (außer Kaltpressung) sichtbaren Spuren, verflüchtigt haben. Diese ätherischen Öle 100% naturrein. Der Einsatz ätherischer Öle sparsam bewusst geschehen. Sie dienen Raumbeduftung Luftverbesserung. Sie dürfen unverdünnt Haut Schleimhäuten Kontakt gebracht werden, Reizungen führen können. In Schwangerschaft Kindern besondere Vorsicht geboten. Die angebotenen genuinen ätherischen Öle aufgrund Vielzahl einzigen Pflanze enthaltenen Duftstoffe umfassendes Bouquet. Darauf bezüglich Wahl Herkunftslandes Wert gelegt, Sortiment bewusst knapp gehalten. Aufgrund Lieferengpässen Ernteausfällen Ausnahmefällen Land gewechselt werden. Als Trägeröl bieten Jojobaöl an. Inhalt: Melaleuca alternifolia Blättern Kunden, Artikel kauften, folgende Artikel gekauft: RMS Biofrid Ab 18,00 EUR incl. 7 % UST exkl. Versandkosten Jojobaöl, kbA Ab 6,90 EUR incl. 19 % UST exkl. Versandkosten Didier® Badeperlen Germanium (Beutel) Ab 191,60 EUR incl. 19 % UST exkl. Versandkosten Didier® Hautcreme Germanium Ab 19,90 EUR incl. 19 % UST exkl. Versandkosten Mandarinenöl (rot) kbA Ab 7,70 EUR incl. 19 % UST exkl. Versandkosten Pfefferminzöl, kbA Ab 9,70 EUR incl. 19 % UST exkl. Versandkosten Powered by First-Web * Gilt für Lieferungen Deutschland. Lieferzeiten für Länder Informationen Berechnung Liefertermins siehe </fragment> </item> <item> <fragment> Thymianöl (linalol), kbA - Biofrid-Cosmetic GmbH &amp; Co. KG Herstellung Vertrieb diätetischen, kosmetischen pharmazeutischen Produkten » Startseite Login / Registrierung | Ihre persönliche Seite | Warenkorb | Kasse Suche Literatur Produkte Ätherische/fette Öle Kosmetik Nahrungsergänzung/erg.bil. Diät Liefer- Versandkosten Datenschutz Unsere AGB Impressum Kontakt Widerrufsrecht Widerrufsformular Newsletter Biofrid Cosmetic GmbH &amp; Co.KG Hasseler Steinweg 9 27318 Hoya Postfach 1355 27316 Hoya Telefon 04251 9352-396 Telefax 04251 9352-290 Social Bookmarks [&lt;&lt;Erstes] [&lt;zurück] [weiter&gt;] [Letztes&gt;&gt;] 120 Artikel Kategorie Thymianöl (linalol), kbA Inhalt: 5 ml Art.Nr.: 93751 PZN: 6872103 Preis: 11,40 EUR pro Stück PAngV: 228,00 EUR pro Gewicht: 0.05 Kg Ab 11,40 EUR incl. 19 % UST exkl. Versandkosten Lieferzeit: 3-7 Werktage* Herkunft: Frankreich Art Produkts: Ätherisches Öl kontrolliert biologischem Anbau (kbA) Beschreibung: Das ätherische Öl Thymians breites Bouquet Duftnoten, frisch, herb-süß mild reichen Zitrone erinnern. Nach Raumbeduftung erscheint Luft gereinigt, fühlen angeregt motiviert. Hinweis: Unsere ätherischen fetten Öle kontrolliert biologischem Anbau (kbA) höchster Qualität. Es handelt flüchtige, hochkonzentrierte, ölige Substanzen, unterschiedlichen Herstellungsverfahren - Wasserdampfdestillation kalte Pressung - verschiedenen Pflanzenteilen gewonnen werden. Sie zumeist farblos hinterlassen Regel (außer Kaltpressung) sichtbaren Spuren, verflüchtigt haben. Diese ätherischen Öle 100% naturrein. Der Einsatz ätherischer Öle sparsam bewusst geschehen. Sie dienen Raumbeduftung Luftverbesserung. Sie dürfen unverdünnt Haut Schleimhäuten Kontakt gebracht werden, Reizungen führen können. In Schwangerschaft Kindern besondere Vorsicht geboten. Die angebotenen genuinen ätherischen Öle aufgrund Vielzahl einzigen Pflanze enthaltenen Duftstoffe umfassendes Bouquet. Darauf bezüglich Wahl Herkunftslandes Wert gelegt, Sortiment bewusst knapp gehalten. Aufgrund Lieferengpässen Ernteausfällen Ausnahmefällen Land gewechselt werden. Als Trägeröl bieten Jojobaöl an. Inhalt: Thymus vulgaris linalol Kraut Kunden, Artikel kauften, folgende Artikel gekauft: Zink-diet Biofrid Ab 9,00 EUR incl. 7 % UST exkl. Versandkosten Didier® Hautcreme Germanium Ab 19,90 EUR incl. 19 % UST exkl. Versandkosten Didier® Nachtkerzen-Vitamin E Lotion Ab 10,60 EUR incl. 19 % UST exkl. Versandkosten Didier® Nachtkerzen-Vitamin E-Creme Ab 7,50 EUR incl. 19 % UST exkl. Versandkosten Propolis Creme Biofrid Ab 6,90 EUR incl. 19 % UST exkl. Versandkosten Ringelblumen Creme Biofrid Ab 6,90 EUR incl. 19 % UST exkl. Versandkosten Powered by First-Web * Gilt für Lieferungen Deutschland. Lieferzeiten für Länder Informationen Berechnung Liefertermins siehe </fragment> </item> <item> <fragment> Didier® Bath Pearls with Germanium (bag) - Biofrid-Cosmetic GmbH &amp; Co. KG Herstellung Vertrieb diätetischen, kosmetischen pharmazeutischen Produkten » Home Login / Register | Your account | Shopping Cart | Cash box Search Literature Products Cosmetics Dietary Supplement Essential/fatty oils Shipping &amp; Returns Privacy Notice General terms and conditions Imprint Contact Right of revocation Standard withdrawal form Newsletter Biofrid Cosmetic GmbH &amp; Co.KG Hasseler Steinweg 9 27318 Hoya Postfach 1355 27316 Hoya Telefon 04251 9352-396 Telefax 04251 9352-290 Social Bookmarks [&lt;&lt;First] [&lt;Back] [Next&gt;] [last&gt;&gt;] 48 Articles this categorie Didier® Bath Pearls with Germanium (bag) Volume: 200 Pearls Product No.: 27535200 Price: 191,60 EUR Price reg.: 0,96 EUR per Piece Weight: 0.9 Kg from 191,60 EUR incl. 19 % Tax excl. Shipping costs Shipping time: 3-7 working days* Type of product: Bath Pearls Description: The carefully selected ingredients of Didier® Bath Pearls containing Germanium give essential care for your skin, providing pleasantly long lasting stimulating and revitalising effects. Apart from the essential oils, Sanumgerman® belongs to the most important components of this balanced conditioning composition which first patented by our Company. After dissolving, the pleasant ingredients of Didier® Bath Pealrs with Germanium gently disperse directly onto the skin. The combination of comfortable warm bath with Didier® Bath Pearls leads to relaxing and long lasting skin conditioning effect. Germanium Bath Pealrs are real “pearls“, which when regularly used, maintain the new found vigour and freshness. Application: 1 weekly, 1 to 2 Didier® Bath Pearls full bath Note: The regenerating and conditioning effects can be improved through the use of Didier® Skin Cream with Germanium Content: 100 / 200 pearls bag Ingredients: Isopropyl Myristate, Gelatin, Parfum, Silica, Glycerin, Germanium-Citrate-Lactate Powder, Linalool, Limonene, Hexyl Cinnamal, Citronellol, Cinnamyl Alcohol, Eugenol, Alpha-Isomethyl Ionone, Hydroxyisohexyl 3-Cyclohexene Carboxaldehyde, Ethylparaben, Propylparaben, Denatonium Benzoate, CI 77492 Customers who bought this product bought the following products: Didier® Evening Primrose Vitamin E Lotion from 10,60 EUR incl. 19 % Tax excl. Shipping costs Tea tree, organic from 6,90 EUR incl. 19 % Tax excl. Shipping costs Cedar, organic from 8,50 EUR incl. 19 % Tax excl. Shipping costs Didier® Bath Pearls with Germanium from 19,90 EUR incl. 19 % Tax excl. Shipping costs Cinnamon, organic from 4,00 EUR incl. 19 % Tax excl. Shipping costs Didier® Skin Moisturising Cream with Germanium from 19,90 EUR incl. 19 % Tax excl. Shipping costs Powered by First-Web * Gilt für Lieferungen Deutschland. Lieferzeiten für Länder Informationen Berechnung Liefertermins siehe </fragment> </item> <item> <fragment> Didier® Badeperlen Germanium (Beutel) - Biofrid-Cosmetic GmbH &amp; Co. KG Herstellung Vertrieb diätetischen, kosmetischen pharmazeutischen Produkten » Startseite Login / Registrierung | Ihre persönliche Seite | Warenkorb | Kasse Suche Literatur Produkte Ätherische/fette Öle Kosmetik Nahrungsergänzung/erg.bil. Diät Liefer- Versandkosten Datenschutz Unsere AGB Impressum Kontakt Widerrufsrecht Widerrufsformular Newsletter Biofrid Cosmetic GmbH &amp; Co.KG Hasseler Steinweg 9 27318 Hoya Postfach 1355 27316 Hoya Telefon 04251 9352-396 Telefax 04251 9352-290 Social Bookmarks [&lt;&lt;Erstes] [&lt;zurück] [weiter&gt;] [Letztes&gt;&gt;] 48 Artikel Kategorie Didier® Badeperlen Germanium (Beutel) Inhalt: 200 Perlen Art.Nr.: 27535200 Preis: 191,60 EUR PAngV: 0,96 EUR pro Stück Gewicht: 0.9 Kg Ab 191,60 EUR incl. 19 % UST exkl. Versandkosten Lieferzeit: 3-7 Werktage* Art Produkts: Badeperlen Beschreibung: Entspannung Pflege einem. Didier® Badeperlen Germanium für Hauttyp verträglich. Didier® Badeperlen Germanium ausgewählten Inhaltsstoffen hochwertige Pflege für Ihre Haut, wohltuende Art nachhaltig angeregt belebt. Sanumgerman gehört wichtigsten Bestandteilen ausgewogenen pflegenden Komposition, erstmalig Firmengruppe patentiert wurde. Die wohltuenden Inhaltsstoffe Didier® Badeperlen Germanium verteilen Auflösen Kapseln angenehm Hautfläche. Das Zusammenspiel wohlig warmen Bades Didier® Badeperlen Germanium führt entspannenden nachhaltig hautpflegenden Wirkung. Germanium Badeperlen wahre "Perlen", die, regelmäßig angewendet, beitragen, Spannkraft Frische wiederzugewinnen bewahren. Anwendung: 1x wöchentlich Vollbad 1–2 Didier® Badeperlen Hinweis: Zur Steigerung pflegenden Wirkung empfehlen zusätzlich Verwendung Didier® Hautcreme Germanium . Inhalt: 100 / 200 Badeperlen Beutel Inhaltsstoffe: Isopropyl Myristate, Gelatin, Parfum, Silica, Glycerin, Germanium-Citrate-Lactate Powder, Linalool, Limonene, Hexyl Cinnamal, Citronellol, Cinnamyl Alcohol, Eugenol, Alpha-Isomethyl Ionone, Hydroxyisohexyl 3-Cyclohexene Carboxaldehyde, Ethylparaben, Propylparaben, Denatonium Benzoate, CI 77492 Kunden, Artikel kauften, folgende Artikel gekauft: Didier® Nachtkerzen-Vitamin E Lotion Ab 10,60 EUR incl. 19 % UST exkl. Versandkosten Teebaumöl, kbA Ab 6,90 EUR incl. 19 % UST exkl. Versandkosten Zedernöl, kbA Ab 8,50 EUR incl. 19 % UST exkl. Versandkosten Didier® Badeperlen Germanium Ab 19,90 EUR incl. 19 % UST exkl. Versandkosten Zimtblätteröl, kbA Ab 4,00 EUR incl. 19 % UST exkl. Versandkosten Didier® Hautcreme Germanium Ab 19,90 EUR incl. 19 % UST exkl. Versandkosten Powered by First-Web * Gilt für Lieferungen Deutschland. Lieferzeiten für Länder Informationen Berechnung Liefertermins siehe </fragment> </item> <item> <fragment> Didier® Skin Moisturising Cream with Germanium - Biofrid-Cosmetic GmbH &amp; Co. KG Herstellung Vertrieb diätetischen, kosmetischen pharmazeutischen Produkten » Home Login / Register | Your account | Shopping Cart | Cash box Search Literature Products Cosmetics Dietary Supplement Essential/fatty oils Shipping &amp; Returns Privacy Notice General terms and conditions Imprint Contact Right of revocation Standard withdrawal form Newsletter Biofrid Cosmetic GmbH &amp; Co.KG Hasseler Steinweg 9 27318 Hoya Postfach 1355 27316 Hoya Telefon 04251 9352-396 Telefax 04251 9352-290 Social Bookmarks [&lt;&lt;First] [&lt;Back] [Next&gt;] [last&gt;&gt;] 48 Articles this categorie Didier® Skin Moisturising Cream with Germanium Volume: 50 ml Product No.: 27020050 PZN: 3919005 Price: 19,90 EUR Price reg.: 39,80 EUR per 100 ml Weight: 0.16 Kg from 19,90 EUR incl. 19 % Tax excl. Shipping costs Shipping time: 3-7 working days* Type of product: Cream Designated use: Balancing moisturising cream with Sanumgerman® for all skin types Description: • for refined appearance and radiant complexion • provides moisture and is particularly suitable for sensitive skin • contains Germanium, oil of evening primrose, allantoin, vitamin E and pathenol Didier® Moisturising Cream with Germanium is essential moisturiser for day and evening care for all skin types and is particularly suitable for the mature and sensitive skin. The combination of Sanumgerman® and oil of evening primrose with their firming and moisturising characteristics ensures the strengthening of the skin structure. Essential ingredients such as vitamin E, allantoin and panthenol round off the perfect combination of this balancing skin care product. The non-greasy, gently softening cream makes the skin smooth and supple, giving radiant appearance. To enhance the conditioning effects, we recommend Didier® Bath Pearls with Germanium . Application: Apply sparingly mornings and evenings, gently massaging into the face, neck and décolleté. Note: without Parfum Ingredients: Aqua (Water), Cocos Nucifera (Coconut) Oil, Aloe Barbadensis Leaf Juice, Cetearyl Alcohol, Macadamia Integrifolia Seed Oil, Butyrospermum Parkii (Shea) Butter, Glycerin, Dicaprylyl Ether, Argania Spinosa Kernel Oil, Glyceryl Stearate, Panthenol, Tocopheryl Acetate, Cetearyl Glucoside, Oenothera Biennis (Evening Primrose) Oil, Germanium-Citrate-Lactate Powder, Sodium Hyaluronate, Allantoin, Helianthus Annuus (Sunflower) Seed Oil, Glyceryl Caprylate, Medicago Sativa (Alfalfa) Extract, Sodium Stearoyl Glutamate, Sodium Levulinate, Levulinic Acid, Tocopherol, Ascorbyl Palmitate, Sodium Phytate, Alcohol, Citric Acid, Sodium Benzoate, Potassium Sorbate. Customers who bought this product bought the following products: Cajeput, organic from 6,90 EUR incl. 19 % Tax excl. Shipping costs Rose geranium, organic from 7,70 EUR incl. 19 % Tax excl. Shipping costs Palmarosa, organic from 5,90 EUR incl. 19 % Tax excl. Shipping costs Jojoba, organic from 6,90 EUR incl. 19 % Tax excl. Shipping costs Zinc-diet Biofrid from 9,00 EUR incl. 7 % Tax excl. Shipping costs Selen-Biofrid from 5,50 EUR incl. 7 % Tax excl. Shipping costs Powered by First-Web * Gilt für Lieferungen Deutschland. Lieferzeiten für Länder Informationen Berechnung Liefertermins siehe </fragment> </item> <item> <fragment> Didier® Hautcreme Germanium - Biofrid-Cosmetic GmbH &amp; Co. KG Herstellung Vertrieb diätetischen, kosmetischen pharmazeutischen Produkten » Startseite Login / Registrierung | Ihre persönliche Seite | Warenkorb | Kasse Suche Literatur Produkte Ätherische/fette Öle Kosmetik Nahrungsergänzung/erg.bil. Diät Liefer- Versandkosten Datenschutz Unsere AGB Impressum Kontakt Widerrufsrecht Widerrufsformular Newsletter Biofrid Cosmetic GmbH &amp; Co.KG Hasseler Steinweg 9 27318 Hoya Postfach 1355 27316 Hoya Telefon 04251 9352-396 Telefax 04251 9352-290 Social Bookmarks [&lt;&lt;Erstes] [&lt;zurück] [weiter&gt;] [Letztes&gt;&gt;] 48 Artikel Kategorie Didier® Hautcreme Germanium Inhalt: 50 ml Art.Nr.: 27020050 PZN: 3919005 Preis: 19,90 EUR PAngV: 39,80 EUR pro 100 ml Gewicht: 0.16 Kg Ab 19,90 EUR incl. 19 % UST exkl. Versandkosten Lieferzeit: 3-7 Werktage* Art Produkts: Creme Verwendungszweck: Ausgleichende Feuchtigkeitscreme für Hauttyp Sanumgerman Beschreibung: • verleiht gepflegtes Aussehen strahlenden Teint • spendet Feuchtigkeit für empfindliche Haut geeignet • enthält Germanium, Nachtkerzenöl, Allantoin, Vitamin E Panthenol Didier® Hautcreme Germanium hochwertige Feuchtigkeitscreme Tages- Nachtpflege für Hauttyp eignet insbesondere für reife empfindliche Haut. Die Kombination Sanumgerman Nachtkerzenöl Haut straffenden Feuchtigkeit spendenden Eigenschaften sorgt für Kräftigung Hautstruktur. Wertvolle Zusätze Vitamin E, Allantoin Panthenol runden perfekte Dosierung ausgleichenden Pflegecreme ab. Die fettende, zart schmelzende Creme Haut glatt geschmeidig verleiht strahlendes Aussehen. Zur Steigerung pflegenden Wirkung empfehlen zusätzlich Verwendung Didier® Badeperlen Germanium . Zur Steigerung pflegenden Wirkung empfehlen zusätzlich Verwendung Didier® Badeperlen Germanium. Anwendung: Morgens abends sparsam Gesicht, Hals Dekolleté auftragen sanft einmassieren. Hinweis: Parfum Inhaltsstoffe: Aqua (Water), Cocos Nucifera (Coconut) Oil, Aloe Barbadensis Leaf Juice, Cetearyl Alcohol, Macadamia Integrifolia Seed Oil, Butyrospermum Parkii (Shea) Butter, Glycerin, Dicaprylyl Ether, Argania Spinosa Kernel Oil, Glyceryl Stearate, Panthenol, Tocopheryl Acetate, Cetearyl Glucoside, Oenothera Biennis (Eyening Primrose) Oil, Germanium-Citrate-Lactate Powder, Sodium Hyaluronate, Allantoin, Helianthus Annuus (Sunflower) Seed Oil, Glyceryl Caprylate, Medicago Sativa (Alfalfa) Extract, Sodium Stearoyl Glutamate, Sodium Levulinate, Levulinic Acid, Tocopherol, Ascorbyl Palmitate, Sodium Phytate, Alcohol, Citric Acid, Sodium Benzoate, Potassium Sorbate. Kunden, Artikel kauften, folgende Artikel gekauft: Cajeputöl, kbA Ab 6,90 EUR incl. 19 % UST exkl. Versandkosten Rosengeranienöl, kbA Ab 7,70 EUR incl. 19 % UST exkl. Versandkosten Palmarosaöl, kbA Ab 5,90 EUR incl. 19 % UST exkl. Versandkosten Jojobaöl, kbA Ab 6,90 EUR incl. 19 % UST exkl. Versandkosten Zink-diet Biofrid Ab 9,00 EUR incl. 7 % UST exkl. Versandkosten Selen-Biofrid Ab 5,50 EUR incl. 7 % UST exkl. Versandkosten Powered by First-Web * Gilt für Lieferungen Deutschland. Lieferzeiten für Länder Informationen Berechnung Liefertermins siehe </fragment> </item> <item> <fragment> Didier® Evening Primrose Vitamin E Lotion - Biofrid-Cosmetic GmbH &amp; Co. KG Herstellung Vertrieb diätetischen, kosmetischen pharmazeutischen Produkten » Home Login / Register | Your account | Shopping Cart | Cash box Search Literature Products Cosmetics Dietary Supplement Essential/fatty oils Shipping &amp; Returns Privacy Notice General terms and conditions Imprint Contact Right of revocation Standard withdrawal form Newsletter Biofrid Cosmetic GmbH &amp; Co.KG Hasseler Steinweg 9 27318 Hoya Postfach 1355 27316 Hoya Telefon 04251 9352-396 Telefax 04251 9352-290 Social Bookmarks [&lt;&lt;First] [&lt;Back] 48 Articles this categorie Didier® Evening Primrose Vitamin E Lotion Volume: 250 ml Product No.: 05060250 PZN: 6983794 Price: 10,60 EUR Price reg.: 4,24 EUR per 100 ml Weight: 0.3 Kg from 10,60 EUR incl. 19 % Tax excl. Shipping costs Shipping time: 3-7 working days* Type of product: Body Lotion Description: A mild, pleasantly fragrant body lotion for all skin types • protects against loss of moisture and prevents drying out • contains evening primrose, vitamin E, witch hazel, glycerine and allantoin • offers optimal protection from damaging environmental influences and prevents premature aging Evening Primrose Vitamin E Lotion protects the skin against loss of moisture and drying out. The essential ingredients of evening primrose, vitamin E, witch hazel extract, glycerine and allantoin completely care for the skin, leaving it smooth and supple. Used regularly, Evening Primrose Vitamin E Lotion offers optimal protection from damaging environmental influences and prevents premature aging by maintaining its natural softness and elasticity. Use daily after bathing, sun bathing or showering, massaging gently into the skin. Content: 250 ml Dispenser Ingredients: Water (aqua), Mineral Oil (paraffinum liquidum), Isopropyl Palmitate, Trilaureth-4 Phosphate, Glycerin, Evening Primrose (oenothera biennis) Oil, Tocopheryl Acetate, Sodium Carbomer, Caprylic/Capric Triglyceride, Propylene Glycol, Witch Hazel (hamamelis virginiana), Alcohol denat., Fragrance (parfum), Decyl Oleate, Allantoin, Benzyl Alcohol, Konservierungsstoff, Methychloroisothiazolinone, Methylisothiazolinone Customers who bought this product bought the following products: Didier® Bath Pearls with Germanium from 19,90 EUR incl. 19 % Tax excl. Shipping costs Zinc-diet Biofrid from 9,00 EUR incl. 7 % Tax excl. Shipping costs Selen-Biofrid from 5,50 EUR incl. 7 % Tax excl. Shipping costs Rose geranium, organic from 7,70 EUR incl. 19 % Tax excl. Shipping costs Cajeput, organic from 6,90 EUR incl. 19 % Tax excl. Shipping costs RMS Biofrid from 18,00 EUR incl. 7 % Tax excl. Shipping costs Powered by First-Web * Gilt für Lieferungen Deutschland. Lieferzeiten für Länder Informationen Berechnung Liefertermins siehe </fragment> </item> <item> <fragment> Didier® Nachtkerzen-Vitamin E Lotion - Biofrid-Cosmetic GmbH &amp; Co. KG Herstellung Vertrieb diätetischen, kosmetischen pharmazeutischen Produkten » Startseite Login / Registrierung | Ihre persönliche Seite | Warenkorb | Kasse Suche Literatur Produkte Ätherische/fette Öle Kosmetik Nahrungsergänzung/erg.bil. Diät Liefer- Versandkosten Datenschutz Unsere AGB Impressum Kontakt Widerrufsrecht Widerrufsformular Newsletter Biofrid Cosmetic GmbH &amp; Co.KG Hasseler Steinweg 9 27318 Hoya Postfach 1355 27316 Hoya Telefon 04251 9352-396 Telefax 04251 9352-290 Social Bookmarks [&lt;&lt;Erstes] [&lt;zurück] 48 Artikel Kategorie Didier® Nachtkerzen-Vitamin E Lotion Inhalt: 250 ml Art.Nr.: 05060250 PZN: 6983794 Preis: 10,60 EUR PAngV: 4,24 EUR pro 100 ml Gewicht: 0.3 Kg Ab 10,60 EUR incl. 19 % UST exkl. Versandkosten Lieferzeit: 3-7 Werktage* Art Produkts: Lotion Beschreibung: Milde, angenehm duftende Körperlotion für Hauttyp • schützt Feuchtigkeitsverlust Austrocknung • enthält Nachtkerzenöl, Vitamin E, Hamamelisextrakt, Glycerin Allantoin • bietet optimalen Schutz gegenüber schädlichen Umwelteinflüssen &amp; wirkt vorzeitiger Hautalterung entgegen Nachtkerzen-Vitamin E Lotion schützt Haut Feuchtigkeitsverlust wirkt Austrocknung entgegen. Wertvolle Inhaltsstoffe Nachtkerzenöl, Vitamin E, Hamamelisextrakt, Glycerin Allantoin pflegen Haut umfassend glatt geschmeidig. Regelmäßig angewandt, bietet Nachtkerzen-Vitamin E Lotion optimalen Schutz gegenüber schädlichen Umwelteinflüssen beugt vorzeitiger Hautalterung vor. Die natürliche Zartheit Elastizität Haut bleibt länger erhalten. Wenden Sie Körperlotion täglich Baden, Duschen Sonnenbaden massieren Sie sanft Haut ein. Inhalt: 250 ml Spender Inhaltsstoffe: Water (aqua), Mineral Oil (paraffinum liquidum), Isopropyl Palmitate, Trilaureth-4 Phosphate, Glycerin, Evening Primrose (oenothera biennis) Oil, Tocopheryl Acetate, Sodium Carbomer, Caprylic/Capric Triglyceride, Propylene Glycol, Witch Hazel (hamamelis virginiana), Alcohol denat., Fragrance (parfum), Decyl Oleate, Allantoin, Benzyl Alcohol, Konservierungsstoff, Methychloroisothiazolinone, Methylisothiazolinone Kunden, Artikel kauften, folgende Artikel gekauft: Didier® Badeperlen Germanium Ab 19,90 EUR incl. 19 % UST exkl. Versandkosten Zink-diet Biofrid Ab 9,00 EUR incl. 7 % UST exkl. Versandkosten Selen-Biofrid Ab 5,50 EUR incl. 7 % UST exkl. Versandkosten Rosengeranienöl, kbA Ab 7,70 EUR incl. 19 % UST exkl. Versandkosten Cajeputöl, kbA Ab 6,90 EUR incl. 19 % UST exkl. Versandkosten RMS Biofrid Ab 18,00 EUR incl. 7 % UST exkl. Versandkosten Powered by First-Web * Gilt für Lieferungen Deutschland. Lieferzeiten für Länder Informationen Berechnung Liefertermins siehe </fragment> </item> <item> <fragment> Didier® Evening Primrose Vitamin E Creme - Biofrid-Cosmetic GmbH &amp; Co. KG Herstellung Vertrieb diätetischen, kosmetischen pharmazeutischen Produkten » Home Login / Register | Your account | Shopping Cart | Cash box Search Literature Products Cosmetics Dietary Supplement Essential/fatty oils Shipping &amp; Returns Privacy Notice General terms and conditions Imprint Contact Right of revocation Standard withdrawal form Newsletter Biofrid Cosmetic GmbH &amp; Co.KG Hasseler Steinweg 9 27318 Hoya Postfach 1355 27316 Hoya Telefon 04251 9352-396 Telefax 04251 9352-290 Social Bookmarks [&lt;&lt;First] [&lt;Back] [Next&gt;] [last&gt;&gt;] 48 Articles this categorie Didier® Evening Primrose Vitamin E Creme Design far (120 ml) Volume: 100 ml Product No.: 98403 PZN: 9372677 Price: 7,50 EUR Price reg.: 7,50 EUR per 100 ml Weight: 0.14 Kg from 7,50 EUR incl. 19 % Tax excl. Shipping costs Shipping time: 3-7 working days* Type of product: Cream Description: Evening Primrose Vitamin E Cream offers normal, dry, sensitive, mature and premature aging skin types optimal protection from damaging environmental influences, giving refined appearance and radiant complexion. Essential ingredients completely condition your skin, leaving it smooth and supple. The cream protects against loss of moisture and prevents drying out, thereby helping maintain its natural softness and elasticity. Apply Evening Primrose Vitamin E Cream evenings,gently massaging into the face, neck and décolleté. Note: • gives refined appearance and radiant compexion • protects against loss of moisture and prevents drying out Evening Primrose Vitamin E Cream is suitable as moisturising face mask. Apply cream generously to the face and neck. The skin become soft and supple. Ingredients: Water (aqua), Isopropyl Palpitate, Polyglyceryl-2 Sesquiisostearate, Mineral Oil (paraffinum liquidum), Microcrystalline Wax (cera microcristallina), Paraffin, Magnesium Stearate, Bees wax (cera alba), Aluminum Stearate, Polyethylene, Evening primrose (oenothera biennis) Oil, Tocopheryl Acetate, Glycerin, PEG-7 Hydrogenated Castor Oil, Bees Wax (cera flava), Magnesium Sulfate, Fragrance (parfum), Benzyl Alcohol, Methylchloroisothiazolinone, Methylisothiazolinone, Allantoin Customers who bought this product bought the following products: Nachtkerzenöl Kapseln from 10,20 EUR incl. 7 % Tax excl. Shipping costs Didier® Bath Pearls with Germanium from 19,90 EUR incl. 19 % Tax excl. Shipping costs Zinc-diet Biofrid from 9,00 EUR incl. 7 % Tax excl. Shipping costs Fish Oil Capsules Biofrid from 10,70 EUR incl. 7 % Tax excl. Shipping costs Majoran, organic from 6,90 EUR incl. 19 % Tax excl. Shipping costs Thyme (linalol), organic from 11,40 EUR incl. 19 % Tax excl. Shipping costs Powered by First-Web * Gilt für Lieferungen Deutschland. Lieferzeiten für Länder Informationen Berechnung Liefertermins siehe </fragment> </item> <item> <fragment> Didier® Nachtkerzen-Vitamin E-Creme - Biofrid-Cosmetic GmbH &amp; Co. KG Herstellung Vertrieb diätetischen, kosmetischen pharmazeutischen Produkten » Startseite Login / Registrierung | Ihre persönliche Seite | Warenkorb | Kasse Suche Literatur Produkte Ätherische/fette Öle Kosmetik Nahrungsergänzung/erg.bil. Diät Liefer- Versandkosten Datenschutz Unsere AGB Impressum Kontakt Widerrufsrecht Widerrufsformular Newsletter Biofrid Cosmetic GmbH &amp; Co.KG Hasseler Steinweg 9 27318 Hoya Postfach 1355 27316 Hoya Telefon 04251 9352-396 Telefax 04251 9352-290 Social Bookmarks [&lt;&lt;Erstes] [&lt;zurück] [weiter&gt;] [Letztes&gt;&gt;] 48 Artikel Kategorie Didier® Nachtkerzen-Vitamin E-Creme bisheriges Design (120 ml) Inhalt: 100 ml Art.Nr.: 98403 PZN: 9372677 Preis: 7,50 EUR PAngV: 7,50 EUR pro 100 ml Gewicht: 0.14 Kg Ab 7,50 EUR incl. 19 % UST exkl. Versandkosten Lieferzeit: 3-7 Werktage* Art Produkts: Creme Beschreibung: Die Wirkung Nachkerzenöls kannten Indianer Nordamerikas: Sie sammelten Samen, zerstampfen Brei Hautausschläge einzusetzen. Dieses Öl reich wertvollen, essentiellen Fettsäuren. Speziell Nachtkerzenöl enthaltene Gamma-Linolensäure ausreichend Körper gebildet. Viele Menschen leiden zudem trockener, schuppiger Haut. Die Anwendung Nachtkerzenöl spendet nötige Feuchtigkeit verleiht Haut gepflegtes Aussehen. Die Haut zart geschmeidig. Auch Schuppenflechte Neurodermitis Öl Nachtkerze unterstützenden Pflege geeignet. Didier® Nachtkerzen-Vitamin E-Creme bietet normalen, trockenen, empfindlichen reifen, frühzeitiger Hautalterung neigenden Haut optimalen Schutz gegenüber schädlichen Umwelteinflüssen verleiht gepflegtes Aussehen strahlenden Teint. Wertvolle Inhaltsstoffe pflegen Haut umfassend glatt geschmeidig. Die Creme schützt Feuchtigkeitsverlust wirkt Austrocknung Haut entgegen. So hilft sie, natürliche Zartheit Elastizität aufrechtzuerhalten. Tragen Sie Didier® Nachtkerzen-Vitamin E-Creme abends Gesicht, Hals Dekolleté massieren sanft ein. Hinweis: • verleiht Haut gepflegtes Aussehen strahlenden Teint • schützt Feuchtigkeitsverlust wirkt Austrocknung Haut entgegen Nachtkerzen-Vitamin E Creme eignet feuchtigkeitsspendende Gesichtsmaske. Tragen Sie Creme großzügig Gesicht Hals auf. Die Haut zart geschmeidig. Inhaltsstoffe: Water (aqua), Isopropyl Palpitate, Polyglyceryl-2 Sesquiisostearate, Mineral Oil (paraffinum liquidum), Microcrystalline Wax (cera microcristallina), Paraffin, Magnesium Stearate, Bees wax (cera alba), Aluminum Stearate, Polyethylene, Evening primrose (oenothera biennis) Oil, Tocopheryl Acetate, Glycerin, PEG-7 Hydrogenated Castor Oil, Bees Wax (cera flava), Magnesium Sulfate, Fragrance (parfum), Benzyl Alcohol, Methylchloroisothiazolinone, Methylisothiazolinone, Allantoin Kunden, Artikel kauften, folgende Artikel gekauft: Nachtkerzenöl Kapseln Ab 10,20 EUR incl. 7 % UST exkl. Versandkosten Didier® Badeperlen Germanium Ab 19,90 EUR incl. 19 % UST exkl. Versandkosten Zink-diet Biofrid Ab 9,00 EUR incl. 7 % UST exkl. Versandkosten Fischöl Kapseln Biofrid Ab 10,70 EUR incl. 7 % UST exkl. Versandkosten Majoranöl, kbA Ab 6,90 EUR incl. 19 % UST exkl. Versandkosten Thymianöl (linalol), kbA Ab 11,40 EUR incl. 19 % UST exkl. Versandkosten Powered by First-Web * Gilt für Lieferungen Deutschland. Lieferzeiten für Länder Informationen Berechnung Liefertermins siehe </fragment> </item> <item> <fragment> Zitronenöl, kbA - Biofrid-Cosmetic GmbH &amp; Co. KG Herstellung Vertrieb diätetischen, kosmetischen pharmazeutischen Produkten » Startseite Login / Registrierung | Ihre persönliche Seite | Warenkorb | Kasse Suche Literatur Produkte Ätherische/fette Öle Kosmetik Nahrungsergänzung/erg.bil. Diät Liefer- Versandkosten Datenschutz Unsere AGB Impressum Kontakt Widerrufsrecht Widerrufsformular Newsletter Biofrid Cosmetic GmbH &amp; Co.KG Hasseler Steinweg 9 27318 Hoya Postfach 1355 27316 Hoya Telefon 04251 9352-396 Telefax 04251 9352-290 Social Bookmarks [weiter&gt;] [Letztes&gt;&gt;] 48 Artikel Kategorie Zitronenöl, kbA Inhalt: 10 ml Art.Nr.: 93902 PZN: 6872238 Preis: 6,50 EUR PAngV: 65,00 EUR pro 100 ml Gewicht: 0.05 Kg Ab 6,50 EUR incl. 19 % UST exkl. Versandkosten Lieferzeit: 3-7 Werktage* Das Produkt derzeitig lieferbar. Bestellungen können Ende April ausgeführt werden. Herkunft: Italien Art Produkts: Ätherisches Öl kontrolliert biologischem Anbau (kbA) Beschreibung: Dieses Öl starke Kopfnote, spritzig, frisch anregend duftet. Es klärt Luft unverkennbaren klaren Duft. Besonders anregend wirkt es, fließendem Wasser verdunsten kann. Hinweis: Unsere ätherischen fetten Öle kontrolliert biologischem Anbau (kbA) höchster Qualität. Es handelt flüchtige, hochkonzentrierte, ölige Substanzen, unterschiedlichen Herstellungsverfahren - Wasserdampfdestillation kalte Pressung - verschiedenen Pflanzenteilen gewonnen werden. Sie zumeist farblos hinterlassen Regel (außer Kaltpressung) sichtbaren Spuren, verflüchtigt haben. Diese ätherischen Öle 100% naturrein. Der Einsatz ätherischer Öle sparsam bewusst geschehen. Sie dienen Raumbeduftung Luftverbesserung. Sie dürfen unverdünnt Haut Schleimhäuten Kontakt gebracht werden, Reizungen führen können. In Schwangerschaft Kindern besondere Vorsicht geboten. Die angebotenen genuinen ätherischen Öle aufgrund Vielzahl einzigen Pflanze enthaltenen Duftstoffe umfassendes Bouquet. Darauf bezüglich Wahl Herkunftslandes Wert gelegt, Sortiment bewusst knapp gehalten. Aufgrund Lieferengpässen Ernteausfällen Ausnahmefällen Land gewechselt werden. Als Trägeröl bieten Jojobaöl an. Inhalt: Citrus limon Fruchtschalen Kunden, Artikel kauften, folgende Artikel gekauft: Didier® Nachtkerzen-Vitamin E Lotion Ab 10,60 EUR incl. 19 % UST exkl. Versandkosten Propolis Creme Biofrid Ab 6,90 EUR incl. 19 % UST exkl. Versandkosten Didier® Badeperlen Germanium Ab 19,90 EUR incl. 19 % UST exkl. Versandkosten Rosengeranienöl, kbA Ab 7,70 EUR incl. 19 % UST exkl. Versandkosten Niaouliöl, kbA Ab 7,00 EUR incl. 19 % UST exkl. Versandkosten Teebaumöl, kbA Ab 6,90 EUR incl. 19 % UST exkl. Versandkosten Powered by First-Web * Gilt für Lieferungen Deutschland. Lieferzeiten für Länder Informationen Berechnung Liefertermins siehe </fragment> </item> <item> <fragment> Propolis Cream Biofrid - Biofrid-Cosmetic GmbH &amp; Co. KG Herstellung Vertrieb diätetischen, kosmetischen pharmazeutischen Produkten » Home Login / Register | Your account | Shopping Cart | Cash box Search Literature Products Cosmetics Dietary Supplement Essential/fatty oils Shipping &amp; Returns Privacy Notice General terms and conditions Imprint Contact Right of revocation Standard withdrawal form Newsletter Biofrid Cosmetic GmbH &amp; Co.KG Hasseler Steinweg 9 27318 Hoya Postfach 1355 27316 Hoya Telefon 04251 9352-396 Telefax 04251 9352-290 Social Bookmarks [&lt;&lt;First] [&lt;Back] [Next&gt;] [last&gt;&gt;] 48 Articles this categorie Propolis Cream Biofrid 100 ml design far Volume: 100 ml Product No.: 24020100 PZN: 4255949 Price: 6,90 EUR Price reg.: 6,90 EUR per 100 ml Weight: 0.15 Kg from 6,90 EUR incl. 19 % Tax excl. Shipping costs Shipping time: 3-7 working days* Type of product: Cream Description: Optimal protection for demanding and inflammation prone skin types Propolis is old, well tried and tested additive cosmetics with valuable ingredients such as iron, zinc, magnesium and pro vitamins A and E. As well as Propolis, Propolis Cream Biofrid contains extracts of arnica montana, allantoin, glycerine and bees wax. Its composition is finely tuned for those skin types requiring regenerative conditioning. Propolis Cream Biofrid is particularly suitable for the care of chapped and irritable skin types, even after sun bathing. Ingredients: Aqua, Paraffinum Liquidum, Polyethylene, Isopropyl Palmitate, Polyglyceryl-2-Sesquiisostearate, Cera Microcristallina, Paraffin, Magnesium Stearate, Cera Alba, Aluminum Stearate, Glycine Soja, Arnica Montana, PEG-7 Hydrogenated Castor Oil, Glycerin, Cera Flava, Propolis Cera, Propylene Glycol, Magnesium Sulfate, Benzyl Alcohol, Methylchloroisothiazolinone, Methylisothiazolinone, Allantoin, Butylphenyl Methylpropional, Alpha-Isomethyl Ionone, Benzyl Benzoate, Citronellol, Geraniol, Hexyl Cinnamal, Hydroxycitronellal, Linalool. Customers who bought this product bought the following products: Arginin-diet Biofrid from 11,90 EUR incl. 7 % Tax excl. Shipping costs Majoran, organic from 6,90 EUR incl. 19 % Tax excl. Shipping costs Citrus (lemon), organic from 6,50 EUR incl. 19 % Tax excl. Shipping costs Thyme (linalol), organic from 11,40 EUR incl. 19 % Tax excl. Shipping costs RMS Biofrid from 18,00 EUR incl. 7 % Tax excl. Shipping costs Fish Oil Capsules Biofrid from 10,70 EUR incl. 7 % Tax excl. Shipping costs Powered by First-Web * Gilt für Lieferungen Deutschland. Lieferzeiten für Länder Informationen Berechnung Liefertermins siehe </fragment> </item> <item> <fragment> Propolis Creme Biofrid - Biofrid-Cosmetic GmbH &amp; Co. KG Herstellung Vertrieb diätetischen, kosmetischen pharmazeutischen Produkten » Startseite Login / Registrierung | Ihre persönliche Seite | Warenkorb | Kasse Suche Literatur Produkte Ätherische/fette Öle Kosmetik Nahrungsergänzung/erg.bil. Diät Liefer- Versandkosten Datenschutz Unsere AGB Impressum Kontakt Widerrufsrecht Widerrufsformular Newsletter Biofrid Cosmetic GmbH &amp; Co.KG Hasseler Steinweg 9 27318 Hoya Postfach 1355 27316 Hoya Telefon 04251 9352-396 Telefax 04251 9352-290 Social Bookmarks [&lt;&lt;Erstes] [&lt;zurück] [weiter&gt;] [Letztes&gt;&gt;] 48 Artikel Kategorie Propolis Creme Biofrid 100 ml bisheriges Design Inhalt: 100 ml Art.Nr.: 24020100 PZN: 4255949 Preis: 6,90 EUR PAngV: 6,90 EUR pro 100 ml Gewicht: 0.15 Kg Ab 6,90 EUR incl. 19 % UST exkl. Versandkosten Lieferzeit: 3-7 Werktage* Art Produkts: Creme Beschreibung: Optimaler Schutz für beanspruchte Entzündungen neigende Haut Propolis altbewährter Kosmetikzusatz wertvollen Inhaltsstoffen Eisen, Zink, Magnesium Provitamin A E. Propolis Creme Biofrid enthält Propolis Zusätze Arnica montana, Allantoin, Glycerin Bienenwachs, Zusammensetzung Pflege regenerationsbedürftigen Haut fein abgestimmt sind. Propolis Creme Biofrid eignet Pflege spröder gereizter Problemhaut, Sonnenbad. Inhaltsstoffe: Aqua, Paraffinum Liquidum, Polyethylene, Isopropyl Palmitate, Polyglyceryl-2-Sesquiisostearate, Cera Microcristallina, Paraffin, Magnesium Stearate, Cera Alba, Aluminum Stearate, Glycine Soja, Arnica Montana, PEG-7 Hydrogenated Castor Oil, Glycerin, Cera Flava, Propolis Cera, Propylene Glycol, Magnesium Sulfate, Benzyl Alcohol, Methylchloroisothiazolinone, Methylisothiazolinone, Allantoin, Butylphenyl Methylpropional, Alpha-Isomethyl Ionone, Benzyl Benzoate, Citronellol, Geraniol, Hexyl Cinnamal, Hydroxycitronellal, Linalool. Kunden, Artikel kauften, folgende Artikel gekauft: Arginin-diet Biofrid Ab 11,90 EUR incl. 7 % UST exkl. Versandkosten Majoranöl, kbA Ab 6,90 EUR incl. 19 % UST exkl. Versandkosten Zitronenöl, kbA Ab 6,50 EUR incl. 19 % UST exkl. Versandkosten Thymianöl (linalol), kbA Ab 11,40 EUR incl. 19 % UST exkl. Versandkosten RMS Biofrid Ab 18,00 EUR incl. 7 % UST exkl. Versandkosten Fischöl Kapseln Biofrid Ab 10,70 EUR incl. 7 % UST exkl. Versandkosten Powered by First-Web * Gilt für Lieferungen Deutschland. Lieferzeiten für Länder Informationen Berechnung Liefertermins siehe </fragment> </item> <item> <fragment> Arginin-diet Biofrid - Biofrid-Cosmetic GmbH &amp; Co. KG Herstellung Vertrieb diätetischen, kosmetischen pharmazeutischen Produkten » Startseite Login / Registrierung | Ihre persönliche Seite | Warenkorb | Kasse Suche Literatur Produkte Ätherische/fette Öle Kosmetik Nahrungsergänzung/erg.bil. Diät Liefer- Versandkosten Datenschutz Unsere AGB Impressum Kontakt Widerrufsrecht Widerrufsformular Newsletter Biofrid Cosmetic GmbH &amp; Co.KG Hasseler Steinweg 9 27318 Hoya Postfach 1355 27316 Hoya Telefon 04251 9352-396 Telefax 04251 9352-290 Social Bookmarks [weiter&gt;] [Letztes&gt;&gt;] 48 Artikel Kategorie Arginin-diet Biofrid Inhalt: 40 Tabletten Art.Nr.: 94102 PZN: 0877602 Preis: 11,90 EUR PAngV: 41,32 EUR pro 100 Gramm Gewicht: 0.12 Kg 100 Tabletten Art.Nr.: 94107 PZN: 0877884 Preis: 26,90 EUR PAngV: 37,36 EUR pro 100 Gramm Gewicht: 0.06 Kg Ab 11,90 EUR incl. 7 % UST exkl. Versandkosten Lieferzeit: 3-7 Werktage* Diätetisches Lebensmittel Zutaten: (in 100 g): 69,4 L-Arginin, Stabilisator Sorbit, Trennmittel Magnesiumsalze Speisefettsäuren, 138 mg Pyridoxinhydrochlorid, 18,5 mg Folsäure, 0,2 mg Cyanocobalamin. Füllmenge: 28,8 (40 Tabletten) 72,0 (100 Tabletten) Verzehrempfehlung: 3 mal täglich 2 Tabletten Mahlzeiten verzehren Zweckbestimmung Zur diätetischen Behandlung Arteriosklerose erhöhten Homocysteinspiegel Zufuhr L-Arginin, Folsäure, Vitamin B6 Vitamin B12 Hinweis Mit Arginin-diet Biofrid stellt Firma Biofrid-Cosmetic GmbH &amp; Co. KG Produkt Verfügung, Aminosäure L-Arginin, Folsäure, Vitamin B6 Vitamin B12 enthält. Arginin-diet Biofrid diätetisches Lebensmittel für besondere medizinische Zwecke (bilanzierte Diät) diätetischen Behandlung Arteriosklerose erhöhtem Homocysteinspiegel. Folsäure, Vitamin B12 Vitamin B6 tragen normalen Homocystein-Stoffwechsel bei. Mit Hilfe Folsäure Vitamin B12 Homocystein Methionin Beteiligung Vitamin B6 Aminosäure Cystein abgebaut. Arginin-diet Biofrid für Erwachsene bestimmt ergänzende bilanzierte Diät ärztlicher Aufsicht angewendet werden. Arginin-diet Biofrid einzunehmen schweren Herz-Kreislauf-Erkrankungen. Da Erfahrungen Schwangeren bzw. stillenden Frauen Kindern vorliegen, Personengruppe Verzehr abzuraten. Da Überzug/Coating Tabletten verzichtet wurde, Tabletten lichtgeschützt Blister aufzubewahren unmittelbar Verzehr entnehmen. Dieses diätetische Lebensmittel Ersatz für abwechslungsreiche ausgewogene Ernährung gesunde Lebensweise. Die angegebene Tagesdosis überschreiten. Für Kinder unzugänglich aufbewahren. Nährstofftabelle: Nährstoff pro 100 pro Portion (2 Tabletten) pro Tag (6 Tabletten) L-Arginin 69,4 1.000 mg 3.000 mg Vitamin B6 138 mg 2 mg 6 mg Folsäure 18,5 mg 266 µg 798 µg Vitamin B12 200 µg 3 µg 9 µg Nährwerttabelle Brennwert 1.511 kJ / 357 kcal 21,8 kJ / 5,1 kcal 65,3 kJ / 15,4 kcal Fett 1,0 0,01 0,04 * gesättigte Fettsäuren 1,0 0,01 0,04 Kohlenhydrate 29,4 0,42 1,3 * Zucker 0,0 0,0 0,0 Eiweiß 69,4 1,0 3,0 Salz 0 0 0 Allergene enthalten Hersteller: Sanum-Kehlbeck GmbH &amp; Co. KG, Hasseler Steinweg 9, 27318 Hoya Kunden, Artikel kauften, folgende Artikel gekauft: Rosengeranienöl, kbA Ab 7,70 EUR incl. 19 % UST exkl. Versandkosten Cajeputöl, kbA Ab 6,90 EUR incl. 19 % UST exkl. Versandkosten Ringelblumen Creme Biofrid Ab 6,90 EUR incl. 19 % UST exkl. Versandkosten Propolis Creme Biofrid Ab 6,90 EUR incl. 19 % UST exkl. Versandkosten Nachtkerzenöl Kapseln Ab 10,20 EUR incl. 7 % UST exkl. Versandkosten EPALIPID® Ab 17,50 EUR incl. 7 % UST exkl. Versandkosten Powered by First-Web * Gilt für Lieferungen Deutschland. Lieferzeiten für Länder Informationen Berechnung Liefertermins siehe </fragment> </item> <item> <fragment> Rosengeranienöl, kbA - Biofrid-Cosmetic GmbH &amp; Co. KG Herstellung Vertrieb diätetischen, kosmetischen pharmazeutischen Produkten » Startseite Login / Registrierung | Ihre persönliche Seite | Warenkorb | Kasse Suche Literatur Produkte Ätherische/fette Öle Kosmetik Nahrungsergänzung/erg.bil. Diät Liefer- Versandkosten Datenschutz Unsere AGB Impressum Kontakt Widerrufsrecht Widerrufsformular Newsletter Biofrid Cosmetic GmbH &amp; Co.KG Hasseler Steinweg 9 27318 Hoya Postfach 1355 27316 Hoya Telefon 04251 9352-396 Telefax 04251 9352-290 Social Bookmarks [weiter&gt;] [Letztes&gt;&gt;] 48 Artikel Kategorie Rosengeranienöl, kbA Inhalt: 5 ml Art.Nr.: 93601 PZN: 6872037 Preis: 7,70 EUR PAngV: 154,00 EUR pro 100 ml Ab 7,70 EUR incl. 19 % UST exkl. Versandkosten Lieferzeit: 3-7 Werktage* Herkunft: Ägypten Art Produkts: Ätherisches Öl kontrolliert biologischem Anbau (kbA) Beschreibung: Der Duft Öls rosenähnlich, warm blumig. Deshalb Gefühl stark angesprochen. Die Duftnote ausgleichend, sinnlich, anregend. Hinweis: Unsere ätherischen fetten Öle kontrolliert biologischem Anbau (kbA) höchster Qualität. Es handelt flüchtige, hochkonzentrierte, ölige Substanzen, unterschiedlichen Herstellungsverfahren - Wasserdampfdestillation kalte Pressung - verschiedenen Pflanzenteilen gewonnen werden. Sie zumeist farblos hinterlassen Regel (außer Kaltpressung) sichtbaren Spuren, verflüchtigt haben. Diese ätherischen Öle 100% naturrein. Der Einsatz ätherischer Öle sparsam bewusst geschehen. Sie dienen Raumbeduftung Luftverbesserung. Sie dürfen unverdünnt Haut Schleimhäuten Kontakt gebracht werden, Reizungen führen können. In Schwangerschaft Kindern besondere Vorsicht geboten. Die angebotenen genuinen ätherischen Öle aufgrund Vielzahl einzigen Pflanze enthaltenen Duftstoffe umfassendes Bouquet. Darauf bezüglich Wahl Herkunftslandes Wert gelegt, Sortiment bewusst knapp gehalten. Aufgrund Lieferengpässen Ernteausfällen Ausnahmefällen Land gewechselt werden. Als Trägeröl bieten Jojobaöl an. Inhalt: Pelargonium graveolens Blättern Kunden, Artikel kauften, folgende Artikel gekauft: Didier® Hautcreme Germanium Ab 19,90 EUR incl. 19 % UST exkl. Versandkosten Didier® Nachtkerzen-Vitamin E Lotion Ab 10,60 EUR incl. 19 % UST exkl. Versandkosten Ringelblumen Creme Biofrid Ab 6,90 EUR incl. 19 % UST exkl. Versandkosten Arginin-diet Biofrid Ab 11,90 EUR incl. 7 % UST exkl. Versandkosten Zimtblätteröl, kbA Ab 4,00 EUR incl. 19 % UST exkl. Versandkosten Zitronenöl, kbA Ab 6,50 EUR incl. 19 % UST exkl. Versandkosten Powered by First-Web * Gilt für Lieferungen Deutschland. Lieferzeiten für Länder Informationen Berechnung Liefertermins siehe </fragment> </item> <item> <fragment> Nachtkerzenöl Kapseln - Biofrid-Cosmetic GmbH &amp; Co. KG Herstellung Vertrieb diätetischen, kosmetischen pharmazeutischen Produkten » Startseite Login / Registrierung | Ihre persönliche Seite | Warenkorb | Kasse Suche Literatur Produkte Ätherische/fette Öle Kosmetik Nahrungsergänzung/erg.bil. Diät Liefer- Versandkosten Datenschutz Unsere AGB Impressum Kontakt Widerrufsrecht Widerrufsformular Newsletter Biofrid Cosmetic GmbH &amp; Co.KG Hasseler Steinweg 9 27318 Hoya Postfach 1355 27316 Hoya Telefon 04251 9352-396 Telefax 04251 9352-290 Social Bookmarks [weiter&gt;] [Letztes&gt;&gt;] 48 Artikel Kategorie Nachtkerzenöl Kapseln Inhalt: 40 Kapseln Art.Nr.: 22511040 PZN: 10132487 Preis: 10,20 EUR PAngV: 37,78 EUR pro 100 Gramm Gewicht: 0.05 Kg Ab 10,20 EUR incl. 7 % UST exkl. Versandkosten Lieferzeit: 3-7 Werktage* Der Produktname " Biofrid® Plus Kapseln " " Nachtkerzenöl Kapseln " geändert. Nahrungsergänzungsmittel Omega-6-Fettsäuren Zutaten: Nachtkerzenöl (73,7%), Gelatine, Feuchthaltemittel: Glycerin, Wasser, D-alpha-Tocopherol Füllmenge: 27 (40 Kapseln) Verzehrempfehlung: 3 mal täglich 2 Kapseln Mahlzeiten verzehren Health Claim(s) Linolsäure trägt Aufrechterhaltung normalen Cholesterinspiegels Blut bei. Hinweis Die Nachtkerze enthält mehrfach ungesättigte Fettsäuren, Mensch Nahrung zuführen muss. Das Öl Samen enthält Linolsäure Gamma-Linolensäure. Diese mehrfach ungesättigten Fettsäuren benötigt Körper besonderer Belastung Bausteine Zellmembranen. Eine positive Wirkung 10 Linolsäure ein. Der hohe Gehalt Gamma-Linolensäure zeichnet Nachtkerzenöl gegenüber häufig verwendeten Speisefetten aus. Dieses Nahrungsergänzungsmittel Ersatz für abwechslungsreiche ausgewogene Ernährung gesunde Lebensweise. Die angegebene Tagesdosis überschreiten. Für Kinder unzugänglich aufbewahren. Bei schizophrenen Patienten bzw. Einnahme epileptogener Arzneimittel z.B. Phenothiazine) können epileptische Anfälle auftreten. In Fällen während Schwangerschaft fragen Sie Ihren Arzt. Nährstofftabelle: Nährwert pro Tag (6 Kapsel) % T.B. 1) Omega-6-Fettsäuren 2.499 mg 2) * Linolsäure 2.220 mg 2) * Gamma-Linolensäure 270 mg 2) 1) Referenzmenge gemäß LMIV 2) EU-Wert veröffentlicht, entspricht 50% D.A.Ch.-Empfehlung Nährwerttabelle Brennwert 124 kJ/ 30 kcal Fett 3,0 * gesättigte Fettsäuren 0,26 * einfach ungesättigte Fettsäuren 0,23 * mehrfach ungesättigte Fettsäuren 2,50 Kohlenhydrate &lt; 0,1 * Zucker &lt; 0,1 Eiweiß 0,6 Salz &lt; 0,1 Vitamin E 60 mg alpha-TE 500 Allergene enthalten Hersteller: Sanum-Kehlbeck GmbH &amp; Co. KG, Hasseler Steinweg 9, 27318 Hoya Kunden, Artikel kauften, folgende Artikel gekauft: Ringelblumen Creme Biofrid Ab 6,90 EUR incl. 19 % UST exkl. Versandkosten Didier® Nachtkerzen-Vitamin E-Creme Ab 7,50 EUR incl. 19 % UST exkl. Versandkosten Selen-Biofrid Ab 5,50 EUR incl. 7 % UST exkl. Versandkosten Zink-diet Biofrid Ab 9,00 EUR incl. 7 % UST exkl. Versandkosten RMS Biofrid Ab 18,00 EUR incl. 7 % UST exkl. Versandkosten Fischöl Kapseln Biofrid Ab 10,70 EUR incl. 7 % UST exkl. Versandkosten Powered by First-Web * Gilt für Lieferungen Deutschland. Lieferzeiten für Länder Informationen Berechnung Liefertermins siehe </fragment> </item> <item> <fragment> Calendula Cream Biofrid - Biofrid-Cosmetic GmbH &amp; Co. KG Herstellung Vertrieb diätetischen, kosmetischen pharmazeutischen Produkten » Home Login / Register | Your account | Shopping Cart | Cash box Search Literature Products Cosmetics Dietary Supplement Essential/fatty oils Shipping &amp; Returns Privacy Notice General terms and conditions Imprint Contact Right of revocation Standard withdrawal form Newsletter Biofrid Cosmetic GmbH &amp; Co.KG Hasseler Steinweg 9 27318 Hoya Postfach 1355 27316 Hoya Telefon 04251 9352-396 Telefax 04251 9352-290 Social Bookmarks [&lt;&lt;First] [&lt;Back] [Next&gt;] [last&gt;&gt;] 48 Articles this categorie Calendula Cream Biofrid design far Volume: 100 ml Product No.: 24520100 PZN: 4255955 Price: 6,90 EUR Price reg.: 6,90 EUR per 100 ml Weight: 0.14 Kg from 6,90 EUR incl. 19 % Tax excl. Shipping costs Shipping time: 3-7 working days* Type of product: Cream Description: Energising face and body care for all skin types Calendula officinalis increases the skin’s resistance and develops balance against moisture loss. It works reconstructively, thus supporting the natural regeneration process. Calendula Cream Biofrid with its essential ingredients of Calendula officinalis, real bees wax, glycerine, allantoin, witch hazel, together with the skin protecting vitamins A and E offer 24 hours optimal care with everything our environmentally influenced, tired skin requires. Because of its smooth, non oily consistence, Calendula Cream Biofrid is suitable for all-round body care and the addition of beta carotine (pro vitamin A) works as natural UV filter. Ingredients: Water (aqua), Isopropyl palmitate, Polyglyceryl-2 Sesquiisostearate, Mineral Oil (paraffinum liquidum), Microcrystalline Wax (cera microcristallina), Paraffin, Magnesium Stearate, Beeswax (cera alba), Aluminum Stearate, Polyethylene, Soybean (glycine soja) oily extract, Calendula (calendula officinalis), PEG-7 Hydrogenated Castor Oil, Glycerin, Beeswax (cera flava), Propylene Tocopheryl Acetate, Retinyl Palpitate, Bisabolol 100, Fragrance (parfum), Benzyl Alcohol, Methylchloroisothiazolinone, Methylisothiazolinone, Beta Carotene, Allantoin Customers who bought this product bought the following products: Nachtkerzenöl Kapseln from 10,20 EUR incl. 7 % Tax excl. Shipping costs Didier® Bath Pearls with Germanium from 19,90 EUR incl. 19 % Tax excl. Shipping costs Rose geranium, organic from 7,70 EUR incl. 19 % Tax excl. Shipping costs Arginin-diet Biofrid from 11,90 EUR incl. 7 % Tax excl. Shipping costs Majoran, organic from 6,90 EUR incl. 19 % Tax excl. Shipping costs Thyme (linalol), organic from 11,40 EUR incl. 19 % Tax excl. Shipping costs Powered by First-Web * Gilt für Lieferungen Deutschland. Lieferzeiten für Länder Informationen Berechnung Liefertermins siehe </fragment> </item> <item> <fragment> Ringelblumen Creme Biofrid - Biofrid-Cosmetic GmbH &amp; Co. KG Herstellung Vertrieb diätetischen, kosmetischen pharmazeutischen Produkten » Startseite Login / Registrierung | Ihre persönliche Seite | Warenkorb | Kasse Suche Literatur Produkte Ätherische/fette Öle Kosmetik Nahrungsergänzung/erg.bil. Diät Liefer- Versandkosten Datenschutz Unsere AGB Impressum Kontakt Widerrufsrecht Widerrufsformular Newsletter Biofrid Cosmetic GmbH &amp; Co.KG Hasseler Steinweg 9 27318 Hoya Postfach 1355 27316 Hoya Telefon 04251 9352-396 Telefax 04251 9352-290 Social Bookmarks [&lt;&lt;Erstes] [&lt;zurück] [weiter&gt;] [Letztes&gt;&gt;] 48 Artikel Kategorie Ringelblumen Creme Biofrid bisheriges Design Inhalt: 100 ml Art.Nr.: 24520100 PZN: 4255955 Preis: 6,90 EUR PAngV: 6,90 EUR pro 100 ml Gewicht: 0.14 Kg Ab 6,90 EUR incl. 19 % UST exkl. Versandkosten Lieferzeit: 3-7 Werktage* Art Produkts: Creme Beschreibung: Energiespendende Haut- Körperpflege für Hauttyp Calendula officinalis erhöht Widerstandsfähigkeit Haut schafft Ausgleich Feuchtigkeitsmangel. Sie wirkt restrukturierend unterstützt natürlichen Regenerationsprozess. Ringelblumen Creme Biofrid bietet wertvollen Zusätzen Calendula officinalis, echtem Bienenwachs, Glycerin, Allantoin, Hamamelis Hautschutzvitaminen A E optimale 24-Stunden-Versorgung allem, Umwelteinflüsse strapazierte Haut benötigt. Durch geschmeidige, fettende Konsistenz eignet Ringelblumen Creme Biofrid Gesichts- Ganzkörperpflege. Der Zusatz Beta-Carotin (Provitamin A) dient natürlicher UV-Filter. Inhaltsstoffe: Water (aqua), Isopropyl palmitate, Polyglyceryl-2 Sesquiisostearate, Mineral Oil (paraffinum liquidum), Microcrystalline Wax (cera microcristallina), Paraffin, Magnesium Stearate, Beeswax (cera alba), Aluminum Stearate, Polyethylene, Soybean (glycine soja) oily extract, Calendula (calendula officinalis), PEG-7 Hydrogenated Castor Oil, Glycerin, Beeswax (cera flava), Propylene Tocopheryl Acetate, Retinyl Palpitate, Bisabolol 100, Fragrance (parfum), Benzyl Alcohol, Methylchloroisothiazolinone, Methylisothiazolinone, Beta Carotene, Allantoin Kunden, Artikel kauften, folgende Artikel gekauft: Nachtkerzenöl Kapseln Ab 10,20 EUR incl. 7 % UST exkl. Versandkosten Didier® Badeperlen Germanium Ab 19,90 EUR incl. 19 % UST exkl. Versandkosten Rosengeranienöl, kbA Ab 7,70 EUR incl. 19 % UST exkl. Versandkosten Arginin-diet Biofrid Ab 11,90 EUR incl. 7 % UST exkl. Versandkosten Majoranöl, kbA Ab 6,90 EUR incl. 19 % UST exkl. Versandkosten Thymianöl (linalol), kbA Ab 11,40 EUR incl. 19 % UST exkl. Versandkosten Powered by First-Web * Gilt für Lieferungen Deutschland. Lieferzeiten für Länder Informationen Berechnung Liefertermins siehe </fragment> </item> <item> <fragment> Thymianöl (linalol), kbA - Biofrid-Cosmetic GmbH &amp; Co. KG Herstellung Vertrieb diätetischen, kosmetischen pharmazeutischen Produkten » Startseite Login / Registrierung | Ihre persönliche Seite | Warenkorb | Kasse Suche Literatur Produkte Ätherische/fette Öle Kosmetik Nahrungsergänzung/erg.bil. Diät Liefer- Versandkosten Datenschutz Unsere AGB Impressum Kontakt Widerrufsrecht Widerrufsformular Newsletter Biofrid Cosmetic GmbH &amp; Co.KG Hasseler Steinweg 9 27318 Hoya Postfach 1355 27316 Hoya Telefon 04251 9352-396 Telefax 04251 9352-290 Social Bookmarks [&lt;&lt;Erstes] [&lt;zurück] [weiter&gt;] [Letztes&gt;&gt;] 120 Artikel Kategorie Thymianöl (linalol), kbA Inhalt: 5 ml Art.Nr.: 93751 PZN: 6872103 Preis: 11,40 EUR pro Stück PAngV: 228,00 EUR pro Gewicht: 0.05 Kg Ab 11,40 EUR incl. 19 % UST exkl. Versandkosten Lieferzeit: 3-7 Werktage* Herkunft: Frankreich Art Produkts: Ätherisches Öl kontrolliert biologischem Anbau (kbA) Beschreibung: Das ätherische Öl Thymians breites Bouquet Duftnoten, frisch, herb-süß mild reichen Zitrone erinnern. Nach Raumbeduftung erscheint Luft gereinigt, fühlen angeregt motiviert. Hinweis: Unsere ätherischen fetten Öle kontrolliert biologischem Anbau (kbA) höchster Qualität. Es handelt flüchtige, hochkonzentrierte, ölige Substanzen, unterschiedlichen Herstellungsverfahren - Wasserdampfdestillation kalte Pressung - verschiedenen Pflanzenteilen gewonnen werden. Sie zumeist farblos hinterlassen Regel (außer Kaltpressung) sichtbaren Spuren, verflüchtigt haben. Diese ätherischen Öle 100% naturrein. Der Einsatz ätherischer Öle sparsam bewusst geschehen. Sie dienen Raumbeduftung Luftverbesserung. Sie dürfen unverdünnt Haut Schleimhäuten Kontakt gebracht werden, Reizungen führen können. In Schwangerschaft Kindern besondere Vorsicht geboten. Die angebotenen genuinen ätherischen Öle aufgrund Vielzahl einzigen Pflanze enthaltenen Duftstoffe umfassendes Bouquet. Darauf bezüglich Wahl Herkunftslandes Wert gelegt, Sortiment bewusst knapp gehalten. Aufgrund Lieferengpässen Ernteausfällen Ausnahmefällen Land gewechselt werden. Als Trägeröl bieten Jojobaöl an. Inhalt: Thymus vulgaris linalol Kraut Kunden, Artikel kauften, folgende Artikel gekauft: Zink-diet Biofrid Ab 9,00 EUR incl. 7 % UST exkl. Versandkosten Didier® Hautcreme Germanium Ab 19,90 EUR incl. 19 % UST exkl. Versandkosten Didier® Nachtkerzen-Vitamin E Lotion Ab 10,60 EUR incl. 19 % UST exkl. Versandkosten Didier® Nachtkerzen-Vitamin E-Creme Ab 7,50 EUR incl. 19 % UST exkl. Versandkosten Propolis Creme Biofrid Ab 6,90 EUR incl. 19 % UST exkl. Versandkosten Ringelblumen Creme Biofrid Ab 6,90 EUR incl. 19 % UST exkl. Versandkosten Powered by First-Web * Gilt für Lieferungen Deutschland. Lieferzeiten für Länder Informationen Berechnung Liefertermins siehe </fragment> </item> <item> <fragment> Teebaumöl, konv. Anbau - Biofrid-Cosmetic GmbH &amp; Co. KG Herstellung Vertrieb diätetischen, kosmetischen pharmazeutischen Produkten » Startseite Login / Registrierung | Ihre persönliche Seite | Warenkorb | Kasse Suche Literatur Produkte Ätherische/fette Öle Kosmetik Nahrungsergänzung/erg.bil. Diät Liefer- Versandkosten Datenschutz Unsere AGB Impressum Kontakt Widerrufsrecht Widerrufsformular Newsletter Biofrid Cosmetic GmbH &amp; Co.KG Hasseler Steinweg 9 27318 Hoya Postfach 1355 27316 Hoya Telefon 04251 9352-396 Telefax 04251 9352-290 Social Bookmarks [&lt;&lt;Erstes] [&lt;zurück] [weiter&gt;] [Letztes&gt;&gt;] 120 Artikel Kategorie Teebaumöl, konv. Anbau Inhalt: 10 ml Art.Nr.: 5210 PZN: 7567537 Preis: 3,90 EUR PAngV: 39,00 EUR pro 100 ml Gewicht: 0.05 Kg 50 ml Art.Nr.: 5220 PZN: 7567543 Preis: 13,70 EUR PAngV: 27,40 EUR pro 100 ml Gewicht: 0.12 Kg Ab 3,90 EUR incl. 19 % UST exkl. Versandkosten Lieferzeit: 3-7 Werktage* Herkunft: Australien Art Produkts: Ätherisches Öl konventionellem Anbau Beschreibung: Unser Teebaumöl 100% naturreines, vielseitig einsetzbares ätherisches Öl hautpflegenden belebenden Eigenschaften. Bei Auswahl Teebaumöl Wesentlichen Substanzen beachten, nämlich Terpinen Cineol. Terpinen, Kohlenstoff-Verbindung, für pflegende Wirkung Haut verantwortlich. Daher qualitativ hochwertiges Teebaumöl mindestens 30% (+)- Terpinen-4-ol enthalten. Unser Teebaumöl enthält sogar 39% wertvollen Stoffes. Cineol (auch Eukalyptol genannt) ätherische Substanz, Blättern Eukalyptusbaumes finden ist. Cineol sorgt Erkältungskrankheiten für Linderung, reizt höheren Konzentrationen Haut Schleimhäute. Aus Grund hochwertiges Teebaumöl maximal 5% Cineol enthalten. Unser Teebaumöl enthält 2% Cineol. Powered by First-Web * Gilt für Lieferungen Deutschland. Lieferzeiten für Länder Informationen Berechnung Liefertermins siehe </fragment> </item> <item> <fragment> Teebaumöl, kbA - Biofrid-Cosmetic GmbH &amp; Co. KG Herstellung Vertrieb diätetischen, kosmetischen pharmazeutischen Produkten » Startseite Login / Registrierung | Ihre persönliche Seite | Warenkorb | Kasse Suche Literatur Produkte Ätherische/fette Öle Kosmetik Nahrungsergänzung/erg.bil. Diät Liefer- Versandkosten Datenschutz Unsere AGB Impressum Kontakt Widerrufsrecht Widerrufsformular Newsletter Biofrid Cosmetic GmbH &amp; Co.KG Hasseler Steinweg 9 27318 Hoya Postfach 1355 27316 Hoya Telefon 04251 9352-396 Telefax 04251 9352-290 Social Bookmarks [&lt;&lt;Erstes] [&lt;zurück] [weiter&gt;] [Letztes&gt;&gt;] 120 Artikel Kategorie Teebaumöl, kbA Inhalt: 10 ml Art.Nr.: 93702 PZN: 6872066 Preis: 6,90 EUR PAngV: 69,00 EUR pro 100 ml Gewicht: 0.05 Kg Ab 6,90 EUR incl. 19 % UST exkl. Versandkosten Lieferzeit: 3-7 Werktage* Herkunft: Australien Art Produkts: Ätherisches Öl kontrolliert biologischem Anbau (kbA) Beschreibung: Das Teebaumöl aufgrund typischen strengen, krautig-würzigen Duftes bekannt. Man empfindet erfrischende Klarheit, konzentriertem Denken anregt. Hinweis: Unsere ätherischen fetten Öle kontrolliert biologischem Anbau (kbA) höchster Qualität. Es handelt flüchtige, hochkonzentrierte, ölige Substanzen, unterschiedlichen Herstellungsverfahren - Wasserdampfdestillation kalte Pressung - verschiedenen Pflanzenteilen gewonnen werden. Sie zumeist farblos hinterlassen Regel (außer Kaltpressung) sichtbaren Spuren, verflüchtigt haben. Diese ätherischen Öle 100% naturrein. Der Einsatz ätherischer Öle sparsam bewusst geschehen. Sie dienen Raumbeduftung Luftverbesserung. Sie dürfen unverdünnt Haut Schleimhäuten Kontakt gebracht werden, Reizungen führen können. In Schwangerschaft Kindern besondere Vorsicht geboten. Die angebotenen genuinen ätherischen Öle aufgrund Vielzahl einzigen Pflanze enthaltenen Duftstoffe umfassendes Bouquet. Darauf bezüglich Wahl Herkunftslandes Wert gelegt, Sortiment bewusst knapp gehalten. Aufgrund Lieferengpässen Ernteausfällen Ausnahmefällen Land gewechselt werden. Als Trägeröl bieten Jojobaöl an. Inhalt: Melaleuca alternifolia Blättern Kunden, Artikel kauften, folgende Artikel gekauft: RMS Biofrid Ab 18,00 EUR incl. 7 % UST exkl. Versandkosten Jojobaöl, kbA Ab 6,90 EUR incl. 19 % UST exkl. Versandkosten Didier® Badeperlen Germanium (Beutel) Ab 191,60 EUR incl. 19 % UST exkl. Versandkosten Didier® Hautcreme Germanium Ab 19,90 EUR incl. 19 % UST exkl. Versandkosten Mandarinenöl (rot) kbA Ab 7,70 EUR incl. 19 % UST exkl. Versandkosten Pfefferminzöl, kbA Ab 9,70 EUR incl. 19 % UST exkl. Versandkosten Powered by First-Web * Gilt für Lieferungen Deutschland. Lieferzeiten für Länder Informationen Berechnung Liefertermins siehe </fragment> </item> <item> <fragment> Rosmarinöl (verbenon), kbA - Biofrid-Cosmetic GmbH &amp; Co. KG Herstellung Vertrieb diätetischen, kosmetischen pharmazeutischen Produkten » Startseite Login / Registrierung | Ihre persönliche Seite | Warenkorb | Kasse Suche Literatur Produkte Ätherische/fette Öle Kosmetik Nahrungsergänzung/erg.bil. Diät Liefer- Versandkosten Datenschutz Unsere AGB Impressum Kontakt Widerrufsrecht Widerrufsformular Newsletter Biofrid Cosmetic GmbH &amp; Co.KG Hasseler Steinweg 9 27318 Hoya Postfach 1355 27316 Hoya Telefon 04251 9352-396 Telefax 04251 9352-290 Social Bookmarks [&lt;&lt;Erstes] [&lt;zurück] [weiter&gt;] [Letztes&gt;&gt;] 120 Artikel Kategorie Rosmarinöl (verbenon), kbA Inhalt: 5 ml Art.Nr.: 93651 PZN: 6872043 Preis: 9,50 EUR PAngV: 190,00 EUR pro 100 ml Ab 9,50 EUR incl. 19 % UST exkl. Versandkosten Lieferzeit: 3-7 Werktage* Herkunft: Frankreich Art Produkts: Ätherisches Öl kontrolliert biologischem Anbau (kbA) Beschreibung: Aus krautigen oberirdischen Pflanzenteilen würziges ätherisches Öl gewonnen. Der Duft klar frisch. Er ermunternde konzentrationsfördernde Note. Hinweis: Unsere ätherischen fetten Öle kontrolliert biologischem Anbau (kbA) höchster Qualität. Es handelt flüchtige, hochkonzentrierte, ölige Substanzen, unterschiedlichen Herstellungsverfahren - Wasserdampfdestillation kalte Pressung - verschiedenen Pflanzenteilen gewonnen werden. Sie zumeist farblos hinterlassen Regel (außer Kaltpressung) sichtbaren Spuren, verflüchtigt haben. Diese ätherischen Öle 100% naturrein. Der Einsatz ätherischer Öle sparsam bewusst geschehen. Sie dienen Raumbeduftung Luftverbesserung. Sie dürfen unverdünnt Haut Schleimhäuten Kontakt gebracht werden, Reizungen führen können. In Schwangerschaft Kindern besondere Vorsicht geboten. Die angebotenen genuinen ätherischen Öle aufgrund Vielzahl einzigen Pflanze enthaltenen Duftstoffe umfassendes Bouquet. Darauf bezüglich Wahl Herkunftslandes Wert gelegt, Sortiment bewusst knapp gehalten. Aufgrund Lieferengpässen Ernteausfällen Ausnahmefällen Land gewechselt werden. Als Trägeröl bieten Jojobaöl an. Inhalt: Rosmarinus officinalis verbenon Kraut Kunden, Artikel kauften, folgende Artikel gekauft: Palmarosaöl, kbA Ab 5,90 EUR incl. 19 % UST exkl. Versandkosten Rosengeranienöl, kbA Ab 7,70 EUR incl. 19 % UST exkl. Versandkosten Thymianöl (linalol), kbA Ab 11,40 EUR incl. 19 % UST exkl. Versandkosten Bergamotteöl, kbA Ab 8,50 EUR incl. 19 % UST exkl. Versandkosten Arnica Creme Biofrid Ab 6,90 EUR incl. 19 % UST exkl. Versandkosten Ringelblumen Creme Biofrid Ab 6,90 EUR incl. 19 % UST exkl. Versandkosten Powered by First-Web * Gilt für Lieferungen Deutschland. Lieferzeiten für Länder Informationen Berechnung Liefertermins siehe </fragment> </item> <item> <fragment> Rosengeranienöl, kbA - Biofrid-Cosmetic GmbH &amp; Co. KG Herstellung Vertrieb diätetischen, kosmetischen pharmazeutischen Produkten » Startseite Login / Registrierung | Ihre persönliche Seite | Warenkorb | Kasse Suche Literatur Produkte Ätherische/fette Öle Kosmetik Nahrungsergänzung/erg.bil. Diät Liefer- Versandkosten Datenschutz Unsere AGB Impressum Kontakt Widerrufsrecht Widerrufsformular Newsletter Biofrid Cosmetic GmbH &amp; Co.KG Hasseler Steinweg 9 27318 Hoya Postfach 1355 27316 Hoya Telefon 04251 9352-396 Telefax 04251 9352-290 Social Bookmarks [&lt;&lt;Erstes] [&lt;zurück] [weiter&gt;] [Letztes&gt;&gt;] 120 Artikel Kategorie Rosengeranienöl, kbA Inhalt: 5 ml Art.Nr.: 93601 PZN: 6872037 Preis: 7,70 EUR PAngV: 154,00 EUR pro 100 ml Ab 7,70 EUR incl. 19 % UST exkl. Versandkosten Lieferzeit: 3-7 Werktage* Herkunft: Ägypten Art Produkts: Ätherisches Öl kontrolliert biologischem Anbau (kbA) Beschreibung: Der Duft Öls rosenähnlich, warm blumig. Deshalb Gefühl stark angesprochen. Die Duftnote ausgleichend, sinnlich, anregend. Hinweis: Unsere ätherischen fetten Öle kontrolliert biologischem Anbau (kbA) höchster Qualität. Es handelt flüchtige, hochkonzentrierte, ölige Substanzen, unterschiedlichen Herstellungsverfahren - Wasserdampfdestillation kalte Pressung - verschiedenen Pflanzenteilen gewonnen werden. Sie zumeist farblos hinterlassen Regel (außer Kaltpressung) sichtbaren Spuren, verflüchtigt haben. Diese ätherischen Öle 100% naturrein. Der Einsatz ätherischer Öle sparsam bewusst geschehen. Sie dienen Raumbeduftung Luftverbesserung. Sie dürfen unverdünnt Haut Schleimhäuten Kontakt gebracht werden, Reizungen führen können. In Schwangerschaft Kindern besondere Vorsicht geboten. Die angebotenen genuinen ätherischen Öle aufgrund Vielzahl einzigen Pflanze enthaltenen Duftstoffe umfassendes Bouquet. Darauf bezüglich Wahl Herkunftslandes Wert gelegt, Sortiment bewusst knapp gehalten. Aufgrund Lieferengpässen Ernteausfällen Ausnahmefällen Land gewechselt werden. Als Trägeröl bieten Jojobaöl an. Inhalt: Pelargonium graveolens Blättern Kunden, Artikel kauften, folgende Artikel gekauft: Didier® Hautcreme Germanium Ab 19,90 EUR incl. 19 % UST exkl. Versandkosten Didier® Nachtkerzen-Vitamin E Lotion Ab 10,60 EUR incl. 19 % UST exkl. Versandkosten Ringelblumen Creme Biofrid Ab 6,90 EUR incl. 19 % UST exkl. Versandkosten Arginin-diet Biofrid Ab 11,90 EUR incl. 7 % UST exkl. Versandkosten Zimtblätteröl, kbA Ab 4,00 EUR incl. 19 % UST exkl. Versandkosten Zitronenöl, kbA Ab 6,50 EUR incl. 19 % UST exkl. Versandkosten Powered by First-Web * Gilt für Lieferungen Deutschland. Lieferzeiten für Länder Informationen Berechnung Liefertermins siehe </fragment> </item> <item> <fragment> Pfefferminzöl, kbA - Biofrid-Cosmetic GmbH &amp; Co. KG Herstellung Vertrieb diätetischen, kosmetischen pharmazeutischen Produkten » Startseite Login / Registrierung | Ihre persönliche Seite | Warenkorb | Kasse Suche Literatur Produkte Ätherische/fette Öle Kosmetik Nahrungsergänzung/erg.bil. Diät Liefer- Versandkosten Datenschutz Unsere AGB Impressum Kontakt Widerrufsrecht Widerrufsformular Newsletter Biofrid Cosmetic GmbH &amp; Co.KG Hasseler Steinweg 9 27318 Hoya Postfach 1355 27316 Hoya Telefon 04251 9352-396 Telefax 04251 9352-290 Social Bookmarks [&lt;&lt;Erstes] [&lt;zurück] [weiter&gt;] [Letztes&gt;&gt;] 120 Artikel Kategorie Pfefferminzöl, kbA Inhalt: 10 ml Art.Nr.: 93552 PZN: 6872020 Preis: 9,70 EUR PAngV: 97,00 EUR pro 100 ml Ab 9,70 EUR incl. 19 % UST exkl. Versandkosten Lieferzeit: 3-7 Werktage* Herkunft: Indien Art Produkts: Ätherisches Öl kontrolliert biologischem Anbau (kbA) Beschreibung: Jeder kennt frischen, klaren kühlenden Duft Pfefferminze. Er starke Kopfnote Eindruck anregenden Klarheit für Denken. Die Luft erscheint gereinigt Duft, aktiviert werden. Hinweis: Unsere ätherischen fetten Öle kontrolliert biologischem Anbau (kbA) höchster Qualität. Es handelt flüchtige, hochkonzentrierte, ölige Substanzen, unterschiedlichen Herstellungsverfahren - Wasserdampfdestillation kalte Pressung - verschiedenen Pflanzenteilen gewonnen werden. Sie zumeist farblos hinterlassen Regel (außer Kaltpressung) sichtbaren Spuren, verflüchtigt haben. Diese ätherischen Öle 100% naturrein. Der Einsatz ätherischer Öle sparsam bewusst geschehen. Sie dienen Raumbeduftung Luftverbesserung. Sie dürfen unverdünnt Haut Schleimhäuten Kontakt gebracht werden, Reizungen führen können. In Schwangerschaft Kindern besondere Vorsicht geboten. Die angebotenen genuinen ätherischen Öle aufgrund Vielzahl einzigen Pflanze enthaltenen Duftstoffe umfassendes Bouquet. Darauf bezüglich Wahl Herkunftslandes Wert gelegt, Sortiment bewusst knapp gehalten. Aufgrund Lieferengpässen Ernteausfällen Ausnahmefällen Land gewechselt werden. Als Trägeröl bieten Jojobaöl an. Inhalt: Mentha piperita Kraut Kunden, Artikel kauften, folgende Artikel gekauft: Thymianöl (linalol), kbA Ab 11,40 EUR incl. 19 % UST exkl. Versandkosten Niaouliöl, kbA Ab 7,00 EUR incl. 19 % UST exkl. Versandkosten Teebaumöl, kbA Ab 6,90 EUR incl. 19 % UST exkl. Versandkosten Bergamotteöl, kbA Ab 8,50 EUR incl. 19 % UST exkl. Versandkosten Cajeputöl, kbA Ab 6,90 EUR incl. 19 % UST exkl. Versandkosten Palmarosaöl, kbA Ab 5,90 EUR incl. 19 % UST exkl. Versandkosten Powered by First-Web * Gilt für Lieferungen Deutschland. Lieferzeiten für Länder Informationen Berechnung Liefertermins siehe </fragment> </item> <item> <fragment> Palmarosaöl, kbA - Biofrid-Cosmetic GmbH &amp; Co. KG Herstellung Vertrieb diätetischen, kosmetischen pharmazeutischen Produkten » Startseite Login / Registrierung | Ihre persönliche Seite | Warenkorb | Kasse Suche Literatur Produkte Ätherische/fette Öle Kosmetik Nahrungsergänzung/erg.bil. Diät Liefer- Versandkosten Datenschutz Unsere AGB Impressum Kontakt Widerrufsrecht Widerrufsformular Newsletter Biofrid Cosmetic GmbH &amp; Co.KG Hasseler Steinweg 9 27318 Hoya Postfach 1355 27316 Hoya Telefon 04251 9352-396 Telefax 04251 9352-290 Social Bookmarks [&lt;&lt;Erstes] [&lt;zurück] [weiter&gt;] [Letztes&gt;&gt;] 120 Artikel Kategorie Palmarosaöl, kbA Inhalt: 5 ml Art.Nr.: 93501 PZN: 6872014 Preis: 5,90 EUR PAngV: 118,00 EUR pro 100 ml Gewicht: 0.05 Kg Ab 5,90 EUR incl. 19 % UST exkl. Versandkosten Lieferzeit: 3-7 Werktage* Herkunft: Himalaya Art Produkts: Ätherisches Öl kontrolliert biologischem Anbau (kbA) Beschreibung: Der ausgleichende, milde Duft Öls blumig würzig. Er erinnert Rose. Dadurch spricht stark Gefühl gehört Ölen starken Herznote. Hinweis: Unsere ätherischen fetten Öle kontrolliert biologischem Anbau (kbA) höchster Qualität. Es handelt flüchtige, hochkonzentrierte, ölige Substanzen, unterschiedlichen Herstellungsverfahren - Wasserdampfdestillation kalte Pressung - verschiedenen Pflanzenteilen gewonnen werden. Sie zumeist farblos hinterlassen Regel (außer Kaltpressung) sichtbaren Spuren, verflüchtigt haben. Diese ätherischen Öle 100% naturrein. Der Einsatz ätherischer Öle sparsam bewusst geschehen. Sie dienen Raumbeduftung Luftverbesserung. Sie dürfen unverdünnt Haut Schleimhäuten Kontakt gebracht werden, Reizungen führen können. In Schwangerschaft Kindern besondere Vorsicht geboten. Die angebotenen genuinen ätherischen Öle aufgrund Vielzahl einzigen Pflanze enthaltenen Duftstoffe umfassendes Bouquet. Darauf bezüglich Wahl Herkunftslandes Wert gelegt, Sortiment bewusst knapp gehalten. Aufgrund Lieferengpässen Ernteausfällen Ausnahmefällen Land gewechselt werden. Als Trägeröl bieten Jojobaöl an. Inhalt: Cymbopogon martinii Blättern Kunden, Artikel kauften, folgende Artikel gekauft: Didier® Hautcreme Germanium Ab 19,90 EUR incl. 19 % UST exkl. Versandkosten Zink-diet Biofrid Ab 9,00 EUR incl. 7 % UST exkl. Versandkosten Bergamotteöl, kbA Ab 8,50 EUR incl. 19 % UST exkl. Versandkosten Cajeputöl, kbA Ab 6,90 EUR incl. 19 % UST exkl. Versandkosten Lorbeerblätteröl, kbA Ab 10,50 EUR incl. 19 % UST exkl. Versandkosten Rosmarinöl (verbenon), kbA Ab 9,50 EUR incl. 19 % UST exkl. Versandkosten Powered by First-Web * Gilt für Lieferungen Deutschland. Lieferzeiten für Länder Informationen Berechnung Liefertermins siehe </fragment> </item> <item> <fragment> Niaouliöl, kbA - Biofrid-Cosmetic GmbH &amp; Co. KG Herstellung Vertrieb diätetischen, kosmetischen pharmazeutischen Produkten » Startseite Login / Registrierung | Ihre persönliche Seite | Warenkorb | Kasse Suche Literatur Produkte Ätherische/fette Öle Kosmetik Nahrungsergänzung/erg.bil. Diät Liefer- Versandkosten Datenschutz Unsere AGB Impressum Kontakt Widerrufsrecht Widerrufsformular Newsletter Biofrid Cosmetic GmbH &amp; Co.KG Hasseler Steinweg 9 27318 Hoya Postfach 1355 27316 Hoya Telefon 04251 9352-396 Telefax 04251 9352-290 Social Bookmarks [&lt;&lt;Erstes] [&lt;zurück] [weiter&gt;] [Letztes&gt;&gt;] 120 Artikel Kategorie Niaouliöl, kbA Inhalt: 10 ml Art.Nr.: 93402 PZN: 6872008 Preis: 7,00 EUR PAngV: 70,00 EUR pro 100 ml Gewicht: 0.05 Kg Ab 7,00 EUR incl. 19 % UST exkl. Versandkosten Lieferzeit: 3-7 Werktage* Herkunft: Madagaskar Art Produkts: Ätherisches Öl kontrolliert biologischem Anbau (kbA) Beschreibung: Das Öl duftet krautig, frisch klar. Es geeignet, Luft reinigen erfrischen. Hinweis: Unsere ätherischen fetten Öle kontrolliert biologischem Anbau (kbA) höchster Qualität. Es handelt flüchtige, hochkonzentrierte, ölige Substanzen, unterschiedlichen Herstellungsverfahren - Wasserdampfdestillation kalte Pressung - verschiedenen Pflanzenteilen gewonnen werden. Sie zumeist farblos hinterlassen Regel (außer Kaltpressung) sichtbaren Spuren, verflüchtigt haben. Diese ätherischen Öle 100% naturrein. Der Einsatz ätherischer Öle sparsam bewusst geschehen. Sie dienen Raumbeduftung Luftverbesserung. Sie dürfen unverdünnt Haut Schleimhäuten Kontakt gebracht werden, Reizungen führen können. In Schwangerschaft Kindern besondere Vorsicht geboten. Die angebotenen genuinen ätherischen Öle aufgrund Vielzahl einzigen Pflanze enthaltenen Duftstoffe umfassendes Bouquet. Darauf bezüglich Wahl Herkunftslandes Wert gelegt, Sortiment bewusst knapp gehalten. Aufgrund Lieferengpässen Ernteausfällen Ausnahmefällen Land gewechselt werden. Als Trägeröl bieten Jojobaöl an. Inhalt: Melaleuca quinquenervia Zweigen Kunden, Artikel kauften, folgende Artikel gekauft: Thymianöl (linalol), kbA Ab 11,40 EUR incl. 19 % UST exkl. Versandkosten Mandarinenöl (rot) kbA Ab 7,70 EUR incl. 19 % UST exkl. Versandkosten Pfefferminzöl, kbA Ab 9,70 EUR incl. 19 % UST exkl. Versandkosten Lorbeerblätteröl, kbA Ab 10,50 EUR incl. 19 % UST exkl. Versandkosten Bergamotteöl, kbA Ab 8,50 EUR incl. 19 % UST exkl. Versandkosten Cajeputöl, kbA Ab 6,90 EUR incl. 19 % UST exkl. Versandkosten Powered by First-Web * Gilt für Lieferungen Deutschland. Lieferzeiten für Länder Informationen Berechnung Liefertermins siehe </fragment> </item> <item> <fragment> Mandarinenöl (rot) kbA - Biofrid-Cosmetic GmbH &amp; Co. KG Herstellung Vertrieb diätetischen, kosmetischen pharmazeutischen Produkten » Startseite Login / Registrierung | Ihre persönliche Seite | Warenkorb | Kasse Suche Literatur Produkte Ätherische/fette Öle Kosmetik Nahrungsergänzung/erg.bil. Diät Liefer- Versandkosten Datenschutz Unsere AGB Impressum Kontakt Widerrufsrecht Widerrufsformular Newsletter Biofrid Cosmetic GmbH &amp; Co.KG Hasseler Steinweg 9 27318 Hoya Postfach 1355 27316 Hoya Telefon 04251 9352-396 Telefax 04251 9352-290 Social Bookmarks [&lt;&lt;Erstes] [&lt;zurück] [weiter&gt;] [Letztes&gt;&gt;] 120 Artikel Kategorie Mandarinenöl (rot) kbA Inhalt: 10 ml Art.Nr.: 93302 PZN: 6871977 Preis: 7,70 EUR PAngV: 77,00 EUR pro 100 ml Gewicht: 0.05 Kg Ab 7,70 EUR incl. 19 % UST exkl. Versandkosten Lieferzeit: 3-7 Werktage* Herkunft: Italien Art Produkts: Ätherisches Öl kontrolliert biologischem Anbau (kbA) Beschreibung: Das ätherische Öl Kaltpressung Schale reifen Frucht gewonnen. Aus Grunde duftet süß, lieblich fruchtig. Kinder ältere Menschen lieben Duft sehr, beruhigend, gleichzeitig erheiternd erfrischend wirkt. Hinweis: Unsere ätherischen fetten Öle kontrolliert biologischem Anbau (kbA) höchster Qualität. Es handelt flüchtige, hochkonzentrierte, ölige Substanzen, unterschiedlichen Herstellungsverfahren - Wasserdampfdestillation kalte Pressung - verschiedenen Pflanzenteilen gewonnen werden. Sie zumeist farblos hinterlassen Regel (außer Kaltpressung) sichtbaren Spuren, verflüchtigt haben. Diese ätherischen Öle 100% naturrein. Der Einsatz ätherischer Öle sparsam bewusst geschehen. Sie dienen Raumbeduftung Luftverbesserung. Sie dürfen unverdünnt Haut Schleimhäuten Kontakt gebracht werden, Reizungen führen können. In Schwangerschaft Kindern besondere Vorsicht geboten. Die angebotenen genuinen ätherischen Öle aufgrund Vielzahl einzigen Pflanze enthaltenen Duftstoffe umfassendes Bouquet. Darauf bezüglich Wahl Herkunftslandes Wert gelegt, Sortiment bewusst knapp gehalten. Aufgrund Lieferengpässen Ernteausfällen Ausnahmefällen Land gewechselt werden. Als Trägeröl bieten Jojobaöl an. Inhalt: Citrus reticulata Fruchtschale Kunden, Artikel kauften, folgende Artikel gekauft: Didier® Nachtkerzen-Vitamin E Lotion Ab 10,60 EUR incl. 19 % UST exkl. Versandkosten Didier® Badeperlen Germanium Ab 19,90 EUR incl. 19 % UST exkl. Versandkosten Arginin-diet Biofrid Ab 11,90 EUR incl. 7 % UST exkl. Versandkosten Thymianöl (linalol), kbA Ab 11,40 EUR incl. 19 % UST exkl. Versandkosten Niaouliöl, kbA Ab 7,00 EUR incl. 19 % UST exkl. Versandkosten Teebaumöl, kbA Ab 6,90 EUR incl. 19 % UST exkl. Versandkosten Powered by First-Web * Gilt für Lieferungen Deutschland. Lieferzeiten für Länder Informationen Berechnung Liefertermins siehe </fragment> </item> <item> <fragment> Teebaumöl, konv. Anbau - Biofrid-Cosmetic GmbH &amp; Co. KG Herstellung Vertrieb diätetischen, kosmetischen pharmazeutischen Produkten » Startseite Login / Registrierung | Ihre persönliche Seite | Warenkorb | Kasse Suche Literatur Produkte Ätherische/fette Öle Kosmetik Nahrungsergänzung/erg.bil. Diät Liefer- Versandkosten Datenschutz Unsere AGB Impressum Kontakt Widerrufsrecht Widerrufsformular Newsletter Biofrid Cosmetic GmbH &amp; Co.KG Hasseler Steinweg 9 27318 Hoya Postfach 1355 27316 Hoya Telefon 04251 9352-396 Telefax 04251 9352-290 Social Bookmarks [&lt;&lt;Erstes] [&lt;zurück] [weiter&gt;] [Letztes&gt;&gt;] 120 Artikel Kategorie Teebaumöl, konv. Anbau Inhalt: 10 ml Art.Nr.: 5210 PZN: 7567537 Preis: 3,90 EUR PAngV: 39,00 EUR pro 100 ml Gewicht: 0.05 Kg 50 ml Art.Nr.: 5220 PZN: 7567543 Preis: 13,70 EUR PAngV: 27,40 EUR pro 100 ml Gewicht: 0.12 Kg Ab 3,90 EUR incl. 19 % UST exkl. Versandkosten Lieferzeit: 3-7 Werktage* Herkunft: Australien Art Produkts: Ätherisches Öl konventionellem Anbau Beschreibung: Unser Teebaumöl 100% naturreines, vielseitig einsetzbares ätherisches Öl hautpflegenden belebenden Eigenschaften. Bei Auswahl Teebaumöl Wesentlichen Substanzen beachten, nämlich Terpinen Cineol. Terpinen, Kohlenstoff-Verbindung, für pflegende Wirkung Haut verantwortlich. Daher qualitativ hochwertiges Teebaumöl mindestens 30% (+)- Terpinen-4-ol enthalten. Unser Teebaumöl enthält sogar 39% wertvollen Stoffes. Cineol (auch Eukalyptol genannt) ätherische Substanz, Blättern Eukalyptusbaumes finden ist. Cineol sorgt Erkältungskrankheiten für Linderung, reizt höheren Konzentrationen Haut Schleimhäute. Aus Grund hochwertiges Teebaumöl maximal 5% Cineol enthalten. Unser Teebaumöl enthält 2% Cineol. Powered by First-Web * Gilt für Lieferungen Deutschland. Lieferzeiten für Länder Informationen Berechnung Liefertermins siehe </fragment> </item> <item> <fragment> Teebaumöl, kbA - Biofrid-Cosmetic GmbH &amp; Co. KG Herstellung Vertrieb diätetischen, kosmetischen pharmazeutischen Produkten » Startseite Login / Registrierung | Ihre persönliche Seite | Warenkorb | Kasse Suche Literatur Produkte Ätherische/fette Öle Kosmetik Nahrungsergänzung/erg.bil. Diät Liefer- Versandkosten Datenschutz Unsere AGB Impressum Kontakt Widerrufsrecht Widerrufsformular Newsletter Biofrid Cosmetic GmbH &amp; Co.KG Hasseler Steinweg 9 27318 Hoya Postfach 1355 27316 Hoya Telefon 04251 9352-396 Telefax 04251 9352-290 Social Bookmarks [&lt;&lt;Erstes] [&lt;zurück] [weiter&gt;] [Letztes&gt;&gt;] 120 Artikel Kategorie Teebaumöl, kbA Inhalt: 10 ml Art.Nr.: 93702 PZN: 6872066 Preis: 6,90 EUR PAngV: 69,00 EUR pro 100 ml Gewicht: 0.05 Kg Ab 6,90 EUR incl. 19 % UST exkl. Versandkosten Lieferzeit: 3-7 Werktage* Herkunft: Australien Art Produkts: Ätherisches Öl kontrolliert biologischem Anbau (kbA) Beschreibung: Das Teebaumöl aufgrund typischen strengen, krautig-würzigen Duftes bekannt. Man empfindet erfrischende Klarheit, konzentriertem Denken anregt. Hinweis: Unsere ätherischen fetten Öle kontrolliert biologischem Anbau (kbA) höchster Qualität. Es handelt flüchtige, hochkonzentrierte, ölige Substanzen, unterschiedlichen Herstellungsverfahren - Wasserdampfdestillation kalte Pressung - verschiedenen Pflanzenteilen gewonnen werden. Sie zumeist farblos hinterlassen Regel (außer Kaltpressung) sichtbaren Spuren, verflüchtigt haben. Diese ätherischen Öle 100% naturrein. Der Einsatz ätherischer Öle sparsam bewusst geschehen. Sie dienen Raumbeduftung Luftverbesserung. Sie dürfen unverdünnt Haut Schleimhäuten Kontakt gebracht werden, Reizungen führen können. In Schwangerschaft Kindern besondere Vorsicht geboten. Die angebotenen genuinen ätherischen Öle aufgrund Vielzahl einzigen Pflanze enthaltenen Duftstoffe umfassendes Bouquet. Darauf bezüglich Wahl Herkunftslandes Wert gelegt, Sortiment bewusst knapp gehalten. Aufgrund Lieferengpässen Ernteausfällen Ausnahmefällen Land gewechselt werden. Als Trägeröl bieten Jojobaöl an. Inhalt: Melaleuca alternifolia Blättern Kunden, Artikel kauften, folgende Artikel gekauft: RMS Biofrid Ab 18,00 EUR incl. 7 % UST exkl. Versandkosten Jojobaöl, kbA Ab 6,90 EUR incl. 19 % UST exkl. Versandkosten Didier® Badeperlen Germanium (Beutel) Ab 191,60 EUR incl. 19 % UST exkl. Versandkosten Didier® Hautcreme Germanium Ab 19,90 EUR incl. 19 % UST exkl. Versandkosten Mandarinenöl (rot) kbA Ab 7,70 EUR incl. 19 % UST exkl. Versandkosten Pfefferminzöl, kbA Ab 9,70 EUR incl. 19 % UST exkl. Versandkosten Powered by First-Web * Gilt für Lieferungen Deutschland. Lieferzeiten für Länder Informationen Berechnung Liefertermins siehe </fragment> </item> <item> <fragment> Majoranöl, kbA - Biofrid-Cosmetic GmbH &amp; Co. KG Herstellung Vertrieb diätetischen, kosmetischen pharmazeutischen Produkten » Startseite Login / Registrierung | Ihre persönliche Seite | Warenkorb | Kasse Suche Literatur Produkte Ätherische/fette Öle Kosmetik Nahrungsergänzung/erg.bil. Diät Liefer- Versandkosten Datenschutz Unsere AGB Impressum Kontakt Widerrufsrecht Widerrufsformular Newsletter Biofrid Cosmetic GmbH &amp; Co.KG Hasseler Steinweg 9 27318 Hoya Postfach 1355 27316 Hoya Telefon 04251 9352-396 Telefax 04251 9352-290 Social Bookmarks [&lt;&lt;Erstes] [&lt;zurück] [weiter&gt;] [Letztes&gt;&gt;] 120 Artikel Kategorie Majoranöl, kbA Inhalt: 5 ml Art.Nr.: 93281 PZN: 1927851 Preis: 6,90 EUR PAngV: 138,00 EUR pro 100 ml Gewicht: 0.05 Kg Ab 6,90 EUR incl. 19 % UST exkl. Versandkosten Lieferzeit: 3-7 Werktage* Herkunft: Ägypten Art Produkts: Ätherisches Öl kontrolliert biologischem Anbau (kbA) Beschreibung: Dieser Duft einzigartig würzig, warm krautig. Die enthaltenen Ester vermitteln beruhigenden entspannenden Eindruck, gleichzeitig wärmend ist. Das Majoranöl angenehme, lösende Duftnote. Hinweis: Unsere ätherischen fetten Öle kontrolliert biologischem Anbau (kbA) höchster Qualität. Es handelt flüchtige, hochkonzentrierte, ölige Substanzen, unterschiedlichen Herstellungsverfahren - Wasserdampfdestillation kalte Pressung - verschiedenen Pflanzenteilen gewonnen werden. Sie zumeist farblos hinterlassen Regel (außer Kaltpressung) sichtbaren Spuren, verflüchtigt haben. Diese ätherischen Öle 100% naturrein. Der Einsatz ätherischer Öle sparsam bewusst geschehen. Sie dienen Raumbeduftung Luftverbesserung. Sie dürfen unverdünnt Haut Schleimhäuten Kontakt gebracht werden, Reizungen führen können. In Schwangerschaft Kindern besondere Vorsicht geboten. Die angebotenen genuinen ätherischen Öle aufgrund Vielzahl einzigen Pflanze enthaltenen Duftstoffe umfassendes Bouquet. Darauf bezüglich Wahl Herkunftslandes Wert gelegt, Sortiment bewusst knapp gehalten. Aufgrund Lieferengpässen Ernteausfällen Ausnahmefällen Land gewechselt werden. Als Trägeröl bieten Jojobaöl an. Inhalt: Origanum majorana Kraut Kunden, Artikel kauften, folgende Artikel gekauft: Didier® Hautcreme Germanium Ab 19,90 EUR incl. 19 % UST exkl. Versandkosten Didier® Nachtkerzen-Vitamin E Lotion Ab 10,60 EUR incl. 19 % UST exkl. Versandkosten Didier® Nachtkerzen-Vitamin E-Creme Ab 7,50 EUR incl. 19 % UST exkl. Versandkosten Propolis Creme Biofrid Ab 6,90 EUR incl. 19 % UST exkl. Versandkosten Ringelblumen Creme Biofrid Ab 6,90 EUR incl. 19 % UST exkl. Versandkosten Bergamotteöl, kbA Ab 8,50 EUR incl. 19 % UST exkl. Versandkosten Powered by First-Web * Gilt für Lieferungen Deutschland. Lieferzeiten für Länder Informationen Berechnung Liefertermins siehe </fragment> </item> <item> <fragment> Rosmarinöl (verbenon), kbA - Biofrid-Cosmetic GmbH &amp; Co. KG Herstellung Vertrieb diätetischen, kosmetischen pharmazeutischen Produkten » Startseite Login / Registrierung | Ihre persönliche Seite | Warenkorb | Kasse Suche Literatur Produkte Ätherische/fette Öle Kosmetik Nahrungsergänzung/erg.bil. Diät Liefer- Versandkosten Datenschutz Unsere AGB Impressum Kontakt Widerrufsrecht Widerrufsformular Newsletter Biofrid Cosmetic GmbH &amp; Co.KG Hasseler Steinweg 9 27318 Hoya Postfach 1355 27316 Hoya Telefon 04251 9352-396 Telefax 04251 9352-290 Social Bookmarks [&lt;&lt;Erstes] [&lt;zurück] [weiter&gt;] [Letztes&gt;&gt;] 120 Artikel Kategorie Rosmarinöl (verbenon), kbA Inhalt: 5 ml Art.Nr.: 93651 PZN: 6872043 Preis: 9,50 EUR PAngV: 190,00 EUR pro 100 ml Ab 9,50 EUR incl. 19 % UST exkl. Versandkosten Lieferzeit: 3-7 Werktage* Herkunft: Frankreich Art Produkts: Ätherisches Öl kontrolliert biologischem Anbau (kbA) Beschreibung: Aus krautigen oberirdischen Pflanzenteilen würziges ätherisches Öl gewonnen. Der Duft klar frisch. Er ermunternde konzentrationsfördernde Note. Hinweis: Unsere ätherischen fetten Öle kontrolliert biologischem Anbau (kbA) höchster Qualität. Es handelt flüchtige, hochkonzentrierte, ölige Substanzen, unterschiedlichen Herstellungsverfahren - Wasserdampfdestillation kalte Pressung - verschiedenen Pflanzenteilen gewonnen werden. Sie zumeist farblos hinterlassen Regel (außer Kaltpressung) sichtbaren Spuren, verflüchtigt haben. Diese ätherischen Öle 100% naturrein. Der Einsatz ätherischer Öle sparsam bewusst geschehen. Sie dienen Raumbeduftung Luftverbesserung. Sie dürfen unverdünnt Haut Schleimhäuten Kontakt gebracht werden, Reizungen führen können. In Schwangerschaft Kindern besondere Vorsicht geboten. Die angebotenen genuinen ätherischen Öle aufgrund Vielzahl einzigen Pflanze enthaltenen Duftstoffe umfassendes Bouquet. Darauf bezüglich Wahl Herkunftslandes Wert gelegt, Sortiment bewusst knapp gehalten. Aufgrund Lieferengpässen Ernteausfällen Ausnahmefällen Land gewechselt werden. Als Trägeröl bieten Jojobaöl an. Inhalt: Rosmarinus officinalis verbenon Kraut Kunden, Artikel kauften, folgende Artikel gekauft: Palmarosaöl, kbA Ab 5,90 EUR incl. 19 % UST exkl. Versandkosten Rosengeranienöl, kbA Ab 7,70 EUR incl. 19 % UST exkl. Versandkosten Thymianöl (linalol), kbA Ab 11,40 EUR incl. 19 % UST exkl. Versandkosten Bergamotteöl, kbA Ab 8,50 EUR incl. 19 % UST exkl. Versandkosten Arnica Creme Biofrid Ab 6,90 EUR incl. 19 % UST exkl. Versandkosten Ringelblumen Creme Biofrid Ab 6,90 EUR incl. 19 % UST exkl. Versandkosten Powered by First-Web * Gilt für Lieferungen Deutschland. Lieferzeiten für Länder Informationen Berechnung Liefertermins siehe </fragment> </item> <item> <fragment> Rosengeranienöl, kbA - Biofrid-Cosmetic GmbH &amp; Co. KG Herstellung Vertrieb diätetischen, kosmetischen pharmazeutischen Produkten » Startseite Login / Registrierung | Ihre persönliche Seite | Warenkorb | Kasse Suche Literatur Produkte Ätherische/fette Öle Kosmetik Nahrungsergänzung/erg.bil. Diät Liefer- Versandkosten Datenschutz Unsere AGB Impressum Kontakt Widerrufsrecht Widerrufsformular Newsletter Biofrid Cosmetic GmbH &amp; Co.KG Hasseler Steinweg 9 27318 Hoya Postfach 1355 27316 Hoya Telefon 04251 9352-396 Telefax 04251 9352-290 Social Bookmarks [&lt;&lt;Erstes] [&lt;zurück] [weiter&gt;] [Letztes&gt;&gt;] 120 Artikel Kategorie Rosengeranienöl, kbA Inhalt: 5 ml Art.Nr.: 93601 PZN: 6872037 Preis: 7,70 EUR PAngV: 154,00 EUR pro 100 ml Ab 7,70 EUR incl. 19 % UST exkl. Versandkosten Lieferzeit: 3-7 Werktage* Herkunft: Ägypten Art Produkts: Ätherisches Öl kontrolliert biologischem Anbau (kbA) Beschreibung: Der Duft Öls rosenähnlich, warm blumig. Deshalb Gefühl stark angesprochen. Die Duftnote ausgleichend, sinnlich, anregend. Hinweis: Unsere ätherischen fetten Öle kontrolliert biologischem Anbau (kbA) höchster Qualität. Es handelt flüchtige, hochkonzentrierte, ölige Substanzen, unterschiedlichen Herstellungsverfahren - Wasserdampfdestillation kalte Pressung - verschiedenen Pflanzenteilen gewonnen werden. Sie zumeist farblos hinterlassen Regel (außer Kaltpressung) sichtbaren Spuren, verflüchtigt haben. Diese ätherischen Öle 100% naturrein. Der Einsatz ätherischer Öle sparsam bewusst geschehen. Sie dienen Raumbeduftung Luftverbesserung. Sie dürfen unverdünnt Haut Schleimhäuten Kontakt gebracht werden, Reizungen führen können. In Schwangerschaft Kindern besondere Vorsicht geboten. Die angebotenen genuinen ätherischen Öle aufgrund Vielzahl einzigen Pflanze enthaltenen Duftstoffe umfassendes Bouquet. Darauf bezüglich Wahl Herkunftslandes Wert gelegt, Sortiment bewusst knapp gehalten. Aufgrund Lieferengpässen Ernteausfällen Ausnahmefällen Land gewechselt werden. Als Trägeröl bieten Jojobaöl an. Inhalt: Pelargonium graveolens Blättern Kunden, Artikel kauften, folgende Artikel gekauft: Didier® Hautcreme Germanium Ab 19,90 EUR incl. 19 % UST exkl. Versandkosten Didier® Nachtkerzen-Vitamin E Lotion Ab 10,60 EUR incl. 19 % UST exkl. Versandkosten Ringelblumen Creme Biofrid Ab 6,90 EUR incl. 19 % UST exkl. Versandkosten Arginin-diet Biofrid Ab 11,90 EUR incl. 7 % UST exkl. Versandkosten Zimtblätteröl, kbA Ab 4,00 EUR incl. 19 % UST exkl. Versandkosten Zitronenöl, kbA Ab 6,50 EUR incl. 19 % UST exkl. Versandkosten Powered by First-Web * Gilt für Lieferungen Deutschland. Lieferzeiten für Länder Informationen Berechnung Liefertermins siehe </fragment> </item> <item> <fragment> Lavendelöl, kbA - Biofrid-Cosmetic GmbH &amp; Co. KG Herstellung Vertrieb diätetischen, kosmetischen pharmazeutischen Produkten » Startseite Login / Registrierung | Ihre persönliche Seite | Warenkorb | Kasse Suche Literatur Produkte Ätherische/fette Öle Kosmetik Nahrungsergänzung/erg.bil. Diät Liefer- Versandkosten Datenschutz Unsere AGB Impressum Kontakt Widerrufsrecht Widerrufsformular Newsletter Biofrid Cosmetic GmbH &amp; Co.KG Hasseler Steinweg 9 27318 Hoya Postfach 1355 27316 Hoya Telefon 04251 9352-396 Telefax 04251 9352-290 Social Bookmarks [&lt;&lt;Erstes] [&lt;zurück] [weiter&gt;] [Letztes&gt;&gt;] 120 Artikel Kategorie Lavendelöl, kbA Inhalt: 10 ml Art.Nr.: 93202 PZN: 6871960 Preis: 8,50 EUR PAngV: 85,00 EUR pro 100 ml Gewicht: 0.05 Kg Ab 8,50 EUR incl. 19 % UST exkl. Versandkosten Lieferzeit: 3-7 Werktage* Herkunft: Bulgarien Art Produkts: Ätherisches Öl kontrolliert biologischem Anbau (kbA) Beschreibung: Das bekannteste klassische Duftöl frischen, krautig-blumigen Duft, wirkt ausgleichend harmonisierend Kombination Ölen wunderbaren Harmonisierung Duftmischungen führen. Hinweis: nsere ätherischen fetten Öle kontrolliert biologischem Anbau (kbA) höchster Qualität. Es handelt flüchtige, hochkonzentrierte, ölige Substanzen, unterschiedlichen Herstellungsverfahren - Wasserdampfdestillation kalte Pressung - verschiedenen Pflanzenteilen gewonnen werden. Sie zumeist farblos hinterlassen Regel (außer Kaltpressung) sichtbaren Spuren, verflüchtigt haben. Diese ätherischen Öle 100% naturrein. Der Einsatz ätherischer Öle sparsam bewusst geschehen. Sie dienen Raumbeduftung Luftverbesserung. Sie dürfen unverdünnt Haut Schleimhäuten Kontakt gebracht werden, Reizungen führen können. In Schwangerschaft Kindern besondere Vorsicht geboten. Die angebotenen genuinen ätherischen Öle aufgrund Vielzahl einzigen Pflanze enthaltenen Duftstoffe umfassendes Bouquet. Darauf bezüglich Wahl Herkunftslandes Wert gelegt, Sortiment bewusst knapp gehalten. Aufgrund Lieferengpässen Ernteausfällen Ausnahmefällen Land gewechselt werden. Als Trägeröl bieten Jojobaöl an. Inhalt: Lavandula angustifolia Blütenrispen Kunden, Artikel kauften, folgende Artikel gekauft: Didier® Badeperlen Germanium Ab 19,90 EUR incl. 19 % UST exkl. Versandkosten Arginin-diet Biofrid Ab 11,90 EUR incl. 7 % UST exkl. Versandkosten Didier® Hautcreme Germanium Ab 19,90 EUR incl. 19 % UST exkl. Versandkosten RMS Biofrid Ab 18,00 EUR incl. 7 % UST exkl. Versandkosten Selen-Biofrid Ab 5,50 EUR incl. 7 % UST exkl. Versandkosten Palmarosaöl, kbA Ab 5,90 EUR incl. 19 % UST exkl. Versandkosten Powered by First-Web * Gilt für Lieferungen Deutschland. Lieferzeiten für Länder Informationen Berechnung Liefertermins siehe </fragment> </item> <item> <fragment> Pfefferminzöl, kbA - Biofrid-Cosmetic GmbH &amp; Co. KG Herstellung Vertrieb diätetischen, kosmetischen pharmazeutischen Produkten » Startseite Login / Registrierung | Ihre persönliche Seite | Warenkorb | Kasse Suche Literatur Produkte Ätherische/fette Öle Kosmetik Nahrungsergänzung/erg.bil. Diät Liefer- Versandkosten Datenschutz Unsere AGB Impressum Kontakt Widerrufsrecht Widerrufsformular Newsletter Biofrid Cosmetic GmbH &amp; Co.KG Hasseler Steinweg 9 27318 Hoya Postfach 1355 27316 Hoya Telefon 04251 9352-396 Telefax 04251 9352-290 Social Bookmarks [&lt;&lt;Erstes] [&lt;zurück] [weiter&gt;] [Letztes&gt;&gt;] 120 Artikel Kategorie Pfefferminzöl, kbA Inhalt: 10 ml Art.Nr.: 93552 PZN: 6872020 Preis: 9,70 EUR PAngV: 97,00 EUR pro 100 ml Ab 9,70 EUR incl. 19 % UST exkl. Versandkosten Lieferzeit: 3-7 Werktage* Herkunft: Indien Art Produkts: Ätherisches Öl kontrolliert biologischem Anbau (kbA) Beschreibung: Jeder kennt frischen, klaren kühlenden Duft Pfefferminze. Er starke Kopfnote Eindruck anregenden Klarheit für Denken. Die Luft erscheint gereinigt Duft, aktiviert werden. Hinweis: Unsere ätherischen fetten Öle kontrolliert biologischem Anbau (kbA) höchster Qualität. Es handelt flüchtige, hochkonzentrierte, ölige Substanzen, unterschiedlichen Herstellungsverfahren - Wasserdampfdestillation kalte Pressung - verschiedenen Pflanzenteilen gewonnen werden. Sie zumeist farblos hinterlassen Regel (außer Kaltpressung) sichtbaren Spuren, verflüchtigt haben. Diese ätherischen Öle 100% naturrein. Der Einsatz ätherischer Öle sparsam bewusst geschehen. Sie dienen Raumbeduftung Luftverbesserung. Sie dürfen unverdünnt Haut Schleimhäuten Kontakt gebracht werden, Reizungen führen können. In Schwangerschaft Kindern besondere Vorsicht geboten. Die angebotenen genuinen ätherischen Öle aufgrund Vielzahl einzigen Pflanze enthaltenen Duftstoffe umfassendes Bouquet. Darauf bezüglich Wahl Herkunftslandes Wert gelegt, Sortiment bewusst knapp gehalten. Aufgrund Lieferengpässen Ernteausfällen Ausnahmefällen Land gewechselt werden. Als Trägeröl bieten Jojobaöl an. Inhalt: Mentha piperita Kraut Kunden, Artikel kauften, folgende Artikel gekauft: Thymianöl (linalol), kbA Ab 11,40 EUR incl. 19 % UST exkl. Versandkosten Niaouliöl, kbA Ab 7,00 EUR incl. 19 % UST exkl. Versandkosten Teebaumöl, kbA Ab 6,90 EUR incl. 19 % UST exkl. Versandkosten Bergamotteöl, kbA Ab 8,50 EUR incl. 19 % UST exkl. Versandkosten Cajeputöl, kbA Ab 6,90 EUR incl. 19 % UST exkl. Versandkosten Palmarosaöl, kbA Ab 5,90 EUR incl. 19 % UST exkl. Versandkosten Powered by First-Web * Gilt für Lieferungen Deutschland. Lieferzeiten für Länder Informationen Berechnung Liefertermins siehe </fragment> </item> <item> <fragment> Palmarosaöl, kbA - Biofrid-Cosmetic GmbH &amp; Co. KG Herstellung Vertrieb diätetischen, kosmetischen pharmazeutischen Produkten » Startseite Login / Registrierung | Ihre persönliche Seite | Warenkorb | Kasse Suche Literatur Produkte Ätherische/fette Öle Kosmetik Nahrungsergänzung/erg.bil. Diät Liefer- Versandkosten Datenschutz Unsere AGB Impressum Kontakt Widerrufsrecht Widerrufsformular Newsletter Biofrid Cosmetic GmbH &amp; Co.KG Hasseler Steinweg 9 27318 Hoya Postfach 1355 27316 Hoya Telefon 04251 9352-396 Telefax 04251 9352-290 Social Bookmarks [&lt;&lt;Erstes] [&lt;zurück] [weiter&gt;] [Letztes&gt;&gt;] 120 Artikel Kategorie Palmarosaöl, kbA Inhalt: 5 ml Art.Nr.: 93501 PZN: 6872014 Preis: 5,90 EUR PAngV: 118,00 EUR pro 100 ml Gewicht: 0.05 Kg Ab 5,90 EUR incl. 19 % UST exkl. Versandkosten Lieferzeit: 3-7 Werktage* Herkunft: Himalaya Art Produkts: Ätherisches Öl kontrolliert biologischem Anbau (kbA) Beschreibung: Der ausgleichende, milde Duft Öls blumig würzig. Er erinnert Rose. Dadurch spricht stark Gefühl gehört Ölen starken Herznote. Hinweis: Unsere ätherischen fetten Öle kontrolliert biologischem Anbau (kbA) höchster Qualität. Es handelt flüchtige, hochkonzentrierte, ölige Substanzen, unterschiedlichen Herstellungsverfahren - Wasserdampfdestillation kalte Pressung - verschiedenen Pflanzenteilen gewonnen werden. Sie zumeist farblos hinterlassen Regel (außer Kaltpressung) sichtbaren Spuren, verflüchtigt haben. Diese ätherischen Öle 100% naturrein. Der Einsatz ätherischer Öle sparsam bewusst geschehen. Sie dienen Raumbeduftung Luftverbesserung. Sie dürfen unverdünnt Haut Schleimhäuten Kontakt gebracht werden, Reizungen führen können. In Schwangerschaft Kindern besondere Vorsicht geboten. Die angebotenen genuinen ätherischen Öle aufgrund Vielzahl einzigen Pflanze enthaltenen Duftstoffe umfassendes Bouquet. Darauf bezüglich Wahl Herkunftslandes Wert gelegt, Sortiment bewusst knapp gehalten. Aufgrund Lieferengpässen Ernteausfällen Ausnahmefällen Land gewechselt werden. Als Trägeröl bieten Jojobaöl an. Inhalt: Cymbopogon martinii Blättern Kunden, Artikel kauften, folgende Artikel gekauft: Didier® Hautcreme Germanium Ab 19,90 EUR incl. 19 % UST exkl. Versandkosten Zink-diet Biofrid Ab 9,00 EUR incl. 7 % UST exkl. Versandkosten Bergamotteöl, kbA Ab 8,50 EUR incl. 19 % UST exkl. Versandkosten Cajeputöl, kbA Ab 6,90 EUR incl. 19 % UST exkl. Versandkosten Lorbeerblätteröl, kbA Ab 10,50 EUR incl. 19 % UST exkl. Versandkosten Rosmarinöl (verbenon), kbA Ab 9,50 EUR incl. 19 % UST exkl. Versandkosten Powered by First-Web * Gilt für Lieferungen Deutschland. Lieferzeiten für Länder Informationen Berechnung Liefertermins siehe </fragment> </item> <item> <fragment> Jojobaöl, kbA - Biofrid-Cosmetic GmbH &amp; Co. KG Herstellung Vertrieb diätetischen, kosmetischen pharmazeutischen Produkten » Startseite Login / Registrierung | Ihre persönliche Seite | Warenkorb | Kasse Suche Literatur Produkte Ätherische/fette Öle Kosmetik Nahrungsergänzung/erg.bil. Diät Liefer- Versandkosten Datenschutz Unsere AGB Impressum Kontakt Widerrufsrecht Widerrufsformular Newsletter Biofrid Cosmetic GmbH &amp; Co.KG Hasseler Steinweg 9 27318 Hoya Postfach 1355 27316 Hoya Telefon 04251 9352-396 Telefax 04251 9352-290 Social Bookmarks [&lt;&lt;Erstes] [&lt;zurück] [weiter&gt;] [Letztes&gt;&gt;] 120 Artikel Kategorie Jojobaöl, kbA Inhalt: 50 ml Art.Nr.: 93956 PZN: 6872244 Preis: 6,90 EUR PAngV: 13,80 EUR pro 100 ml Gewicht: 0.11 Kg Ab 6,90 EUR incl. 19 % UST exkl. Versandkosten Lieferzeit: 3-7 Werktage* Herkunft: Argentinien / Israel / Ägypten Art Produkts: Fettes Öl kontrolliert biologischem Anbau (kalt gepreßt) Beschreibung: Jojobaöl Nüssen holzigen Strauches gewonnen, Halbwüsten wächst. Es pflegt, erhält Hautfeuchtigkeit fast geruchsneutral. Jojobaöl enthält Vitamin A E Lichtschutzfaktor 3-4. Aufgrund wachsartigen Charakters Jojobaöl ranzig zeichnet Haltbarkeit aus. Seine positiven Eigenschaften hervorragenden (Träger-) Öl Kosmetik gemacht. Inhalt: Simmondsia chinensis Nüssen Kunden, Artikel kauften, folgende Artikel gekauft: Didier® Hautcreme Germanium Ab 19,90 EUR incl. 19 % UST exkl. Versandkosten RMS Biofrid Ab 18,00 EUR incl. 7 % UST exkl. Versandkosten Teebaumöl, kbA Ab 6,90 EUR incl. 19 % UST exkl. Versandkosten Bergamotteöl, kbA Ab 8,50 EUR incl. 19 % UST exkl. Versandkosten Thymianöl (linalol), kbA Ab 11,40 EUR incl. 19 % UST exkl. Versandkosten Rosengeranienöl, kbA Ab 7,70 EUR incl. 19 % UST exkl. Versandkosten Powered by First-Web * Gilt für Lieferungen Deutschland. Lieferzeiten für Länder Informationen Berechnung Liefertermins siehe </fragment> </item> <item> <fragment> Niaouliöl, kbA - Biofrid-Cosmetic GmbH &amp; Co. KG Herstellung Vertrieb diätetischen, kosmetischen pharmazeutischen Produkten » Startseite Login / Registrierung | Ihre persönliche Seite | Warenkorb | Kasse Suche Literatur Produkte Ätherische/fette Öle Kosmetik Nahrungsergänzung/erg.bil. Diät Liefer- Versandkosten Datenschutz Unsere AGB Impressum Kontakt Widerrufsrecht Widerrufsformular Newsletter Biofrid Cosmetic GmbH &amp; Co.KG Hasseler Steinweg 9 27318 Hoya Postfach 1355 27316 Hoya Telefon 04251 9352-396 Telefax 04251 9352-290 Social Bookmarks [&lt;&lt;Erstes] [&lt;zurück] [weiter&gt;] [Letztes&gt;&gt;] 120 Artikel Kategorie Niaouliöl, kbA Inhalt: 10 ml Art.Nr.: 93402 PZN: 6872008 Preis: 7,00 EUR PAngV: 70,00 EUR pro 100 ml Gewicht: 0.05 Kg Ab 7,00 EUR incl. 19 % UST exkl. Versandkosten Lieferzeit: 3-7 Werktage* Herkunft: Madagaskar Art Produkts: Ätherisches Öl kontrolliert biologischem Anbau (kbA) Beschreibung: Das Öl duftet krautig, frisch klar. Es geeignet, Luft reinigen erfrischen. Hinweis: Unsere ätherischen fetten Öle kontrolliert biologischem Anbau (kbA) höchster Qualität. Es handelt flüchtige, hochkonzentrierte, ölige Substanzen, unterschiedlichen Herstellungsverfahren - Wasserdampfdestillation kalte Pressung - verschiedenen Pflanzenteilen gewonnen werden. Sie zumeist farblos hinterlassen Regel (außer Kaltpressung) sichtbaren Spuren, verflüchtigt haben. Diese ätherischen Öle 100% naturrein. Der Einsatz ätherischer Öle sparsam bewusst geschehen. Sie dienen Raumbeduftung Luftverbesserung. Sie dürfen unverdünnt Haut Schleimhäuten Kontakt gebracht werden, Reizungen führen können. In Schwangerschaft Kindern besondere Vorsicht geboten. Die angebotenen genuinen ätherischen Öle aufgrund Vielzahl einzigen Pflanze enthaltenen Duftstoffe umfassendes Bouquet. Darauf bezüglich Wahl Herkunftslandes Wert gelegt, Sortiment bewusst knapp gehalten. Aufgrund Lieferengpässen Ernteausfällen Ausnahmefällen Land gewechselt werden. Als Trägeröl bieten Jojobaöl an. Inhalt: Melaleuca quinquenervia Zweigen Kunden, Artikel kauften, folgende Artikel gekauft: Thymianöl (linalol), kbA Ab 11,40 EUR incl. 19 % UST exkl. Versandkosten Mandarinenöl (rot) kbA Ab 7,70 EUR incl. 19 % UST exkl. Versandkosten Pfefferminzöl, kbA Ab 9,70 EUR incl. 19 % UST exkl. Versandkosten Lorbeerblätteröl, kbA Ab 10,50 EUR incl. 19 % UST exkl. Versandkosten Bergamotteöl, kbA Ab 8,50 EUR incl. 19 % UST exkl. Versandkosten Cajeputöl, kbA Ab 6,90 EUR incl. 19 % UST exkl. Versandkosten Powered by First-Web * Gilt für Lieferungen Deutschland. Lieferzeiten für Länder Informationen Berechnung Liefertermins siehe </fragment> </item> <item> <fragment> Mandarinenöl (rot) kbA - Biofrid-Cosmetic GmbH &amp; Co. KG Herstellung Vertrieb diätetischen, kosmetischen pharmazeutischen Produkten » Startseite Login / Registrierung | Ihre persönliche Seite | Warenkorb | Kasse Suche Literatur Produkte Ätherische/fette Öle Kosmetik Nahrungsergänzung/erg.bil. Diät Liefer- Versandkosten Datenschutz Unsere AGB Impressum Kontakt Widerrufsrecht Widerrufsformular Newsletter Biofrid Cosmetic GmbH &amp; Co.KG Hasseler Steinweg 9 27318 Hoya Postfach 1355 27316 Hoya Telefon 04251 9352-396 Telefax 04251 9352-290 Social Bookmarks [&lt;&lt;Erstes] [&lt;zurück] [weiter&gt;] [Letztes&gt;&gt;] 120 Artikel Kategorie Mandarinenöl (rot) kbA Inhalt: 10 ml Art.Nr.: 93302 PZN: 6871977 Preis: 7,70 EUR PAngV: 77,00 EUR pro 100 ml Gewicht: 0.05 Kg Ab 7,70 EUR incl. 19 % UST exkl. Versandkosten Lieferzeit: 3-7 Werktage* Herkunft: Italien Art Produkts: Ätherisches Öl kontrolliert biologischem Anbau (kbA) Beschreibung: Das ätherische Öl Kaltpressung Schale reifen Frucht gewonnen. Aus Grunde duftet süß, lieblich fruchtig. Kinder ältere Menschen lieben Duft sehr, beruhigend, gleichzeitig erheiternd erfrischend wirkt. Hinweis: Unsere ätherischen fetten Öle kontrolliert biologischem Anbau (kbA) höchster Qualität. Es handelt flüchtige, hochkonzentrierte, ölige Substanzen, unterschiedlichen Herstellungsverfahren - Wasserdampfdestillation kalte Pressung - verschiedenen Pflanzenteilen gewonnen werden. Sie zumeist farblos hinterlassen Regel (außer Kaltpressung) sichtbaren Spuren, verflüchtigt haben. Diese ätherischen Öle 100% naturrein. Der Einsatz ätherischer Öle sparsam bewusst geschehen. Sie dienen Raumbeduftung Luftverbesserung. Sie dürfen unverdünnt Haut Schleimhäuten Kontakt gebracht werden, Reizungen führen können. In Schwangerschaft Kindern besondere Vorsicht geboten. Die angebotenen genuinen ätherischen Öle aufgrund Vielzahl einzigen Pflanze enthaltenen Duftstoffe umfassendes Bouquet. Darauf bezüglich Wahl Herkunftslandes Wert gelegt, Sortiment bewusst knapp gehalten. Aufgrund Lieferengpässen Ernteausfällen Ausnahmefällen Land gewechselt werden. Als Trägeröl bieten Jojobaöl an. Inhalt: Citrus reticulata Fruchtschale Kunden, Artikel kauften, folgende Artikel gekauft: Didier® Nachtkerzen-Vitamin E Lotion Ab 10,60 EUR incl. 19 % UST exkl. Versandkosten Didier® Badeperlen Germanium Ab 19,90 EUR incl. 19 % UST exkl. Versandkosten Arginin-diet Biofrid Ab 11,90 EUR incl. 7 % UST exkl. Versandkosten Thymianöl (linalol), kbA Ab 11,40 EUR incl. 19 % UST exkl. Versandkosten Niaouliöl, kbA Ab 7,00 EUR incl. 19 % UST exkl. Versandkosten Teebaumöl, kbA Ab 6,90 EUR incl. 19 % UST exkl. Versandkosten Powered by First-Web * Gilt für Lieferungen Deutschland. Lieferzeiten für Länder Informationen Berechnung Liefertermins siehe </fragment> </item> <item> <fragment> Eukalyptusöl citriodora, kbA - Biofrid-Cosmetic GmbH &amp; Co. KG Herstellung Vertrieb diätetischen, kosmetischen pharmazeutischen Produkten » Startseite Login / Registrierung | Ihre persönliche Seite | Warenkorb | Kasse Suche Literatur Produkte Ätherische/fette Öle Kosmetik Nahrungsergänzung/erg.bil. Diät Liefer- Versandkosten Datenschutz Unsere AGB Impressum Kontakt Widerrufsrecht Widerrufsformular Newsletter Biofrid Cosmetic GmbH &amp; Co.KG Hasseler Steinweg 9 27318 Hoya Postfach 1355 27316 Hoya Telefon 04251 9352-396 Telefax 04251 9352-290 Social Bookmarks [&lt;&lt;Erstes] [&lt;zurück] [weiter&gt;] [Letztes&gt;&gt;] 120 Artikel Kategorie Eukalyptusöl citriodora, kbA Inhalt: 10 ml Art.Nr.: 93152 PZN: 1927880 Preis: 6,50 EUR PAngV: 65,00 EUR pro 100 ml Gewicht: 0.05 Kg Ab 6,50 EUR incl. 19 % UST exkl. Versandkosten Lieferzeit: 3-7 Werktage* Herkunft: Brasilien Art Produkts: Ätherisches Öl kontrolliert biologischem Anbau (kbA) Beschreibung: Eukalyptusöl erfrischenden belebenden Duft. Seine aktivierenden Inhaltsstoffe vertreiben Lustlosigkeit, wecken Lebensgeister fördern Konzentration geistige Wachheit. Hinweis: Unsere ätherischen fetten Öle kontrolliert biologischem Anbau (kbA) höchster Qualität. Es handelt flüchtige, hochkonzentrierte, ölige Substanzen, unterschiedlichen Herstellungsverfahren - Wasserdampfdestillation kalte Pressung - verschiedenen Pflanzenteilen gewonnen werden. Sie zumeist farblos hinterlassen Regel (außer Kaltpressung) sichtbaren Spuren, verflüchtigt haben. Diese ätherischen Öle 100% naturrein. Der Einsatz ätherischer Öle sparsam bewusst geschehen. Sie dienen Raumbeduftung Luftverbesserung. Sie dürfen unverdünnt Haut Schleimhäuten Kontakt gebracht werden, Reizungen führen können. In Schwangerschaft Kindern besondere Vorsicht geboten. Die angebotenen genuinen ätherischen Öle aufgrund Vielzahl einzigen Pflanze enthaltenen Duftstoffe umfassendes Bouquet. Darauf bezüglich Wahl Herkunftslandes Wert gelegt, Sortiment bewusst knapp gehalten. Aufgrund Lieferengpässen Ernteausfällen Ausnahmefällen Land gewechselt werden. Als Trägeröl bieten Jojobaöl an. Inhalt: Eucalyptus citriodora Blättern u. Zweigspitzen Kunden, Artikel kauften, folgende Artikel gekauft: Cajeputöl, kbA Ab 6,90 EUR incl. 19 % UST exkl. Versandkosten Bergamotteöl, kbA Ab 8,50 EUR incl. 19 % UST exkl. Versandkosten Arnica Creme Biofrid Ab 6,90 EUR incl. 19 % UST exkl. Versandkosten Ringelblumen Creme Biofrid Ab 6,90 EUR incl. 19 % UST exkl. Versandkosten Didier® Nachtkerzen-Vitamin E-Creme Ab 7,50 EUR incl. 19 % UST exkl. Versandkosten Teebaumöl, kbA Ab 6,90 EUR incl. 19 % UST exkl. Versandkosten Powered by First-Web * Gilt für Lieferungen Deutschland. Lieferzeiten für Länder Informationen Berechnung Liefertermins siehe </fragment> </item> <item> <fragment> Majoranöl, kbA - Biofrid-Cosmetic GmbH &amp; Co. KG Herstellung Vertrieb diätetischen, kosmetischen pharmazeutischen Produkten » Startseite Login / Registrierung | Ihre persönliche Seite | Warenkorb | Kasse Suche Literatur Produkte Ätherische/fette Öle Kosmetik Nahrungsergänzung/erg.bil. Diät Liefer- Versandkosten Datenschutz Unsere AGB Impressum Kontakt Widerrufsrecht Widerrufsformular Newsletter Biofrid Cosmetic GmbH &amp; Co.KG Hasseler Steinweg 9 27318 Hoya Postfach 1355 27316 Hoya Telefon 04251 9352-396 Telefax 04251 9352-290 Social Bookmarks [&lt;&lt;Erstes] [&lt;zurück] [weiter&gt;] [Letztes&gt;&gt;] 120 Artikel Kategorie Majoranöl, kbA Inhalt: 5 ml Art.Nr.: 93281 PZN: 1927851 Preis: 6,90 EUR PAngV: 138,00 EUR pro 100 ml Gewicht: 0.05 Kg Ab 6,90 EUR incl. 19 % UST exkl. Versandkosten Lieferzeit: 3-7 Werktage* Herkunft: Ägypten Art Produkts: Ätherisches Öl kontrolliert biologischem Anbau (kbA) Beschreibung: Dieser Duft einzigartig würzig, warm krautig. Die enthaltenen Ester vermitteln beruhigenden entspannenden Eindruck, gleichzeitig wärmend ist. Das Majoranöl angenehme, lösende Duftnote. Hinweis: Unsere ätherischen fetten Öle kontrolliert biologischem Anbau (kbA) höchster Qualität. Es handelt flüchtige, hochkonzentrierte, ölige Substanzen, unterschiedlichen Herstellungsverfahren - Wasserdampfdestillation kalte Pressung - verschiedenen Pflanzenteilen gewonnen werden. Sie zumeist farblos hinterlassen Regel (außer Kaltpressung) sichtbaren Spuren, verflüchtigt haben. Diese ätherischen Öle 100% naturrein. Der Einsatz ätherischer Öle sparsam bewusst geschehen. Sie dienen Raumbeduftung Luftverbesserung. Sie dürfen unverdünnt Haut Schleimhäuten Kontakt gebracht werden, Reizungen führen können. In Schwangerschaft Kindern besondere Vorsicht geboten. Die angebotenen genuinen ätherischen Öle aufgrund Vielzahl einzigen Pflanze enthaltenen Duftstoffe umfassendes Bouquet. Darauf bezüglich Wahl Herkunftslandes Wert gelegt, Sortiment bewusst knapp gehalten. Aufgrund Lieferengpässen Ernteausfällen Ausnahmefällen Land gewechselt werden. Als Trägeröl bieten Jojobaöl an. Inhalt: Origanum majorana Kraut Kunden, Artikel kauften, folgende Artikel gekauft: Didier® Hautcreme Germanium Ab 19,90 EUR incl. 19 % UST exkl. Versandkosten Didier® Nachtkerzen-Vitamin E Lotion Ab 10,60 EUR incl. 19 % UST exkl. Versandkosten Didier® Nachtkerzen-Vitamin E-Creme Ab 7,50 EUR incl. 19 % UST exkl. Versandkosten Propolis Creme Biofrid Ab 6,90 EUR incl. 19 % UST exkl. Versandkosten Ringelblumen Creme Biofrid Ab 6,90 EUR incl. 19 % UST exkl. Versandkosten Bergamotteöl, kbA Ab 8,50 EUR incl. 19 % UST exkl. Versandkosten Powered by First-Web * Gilt für Lieferungen Deutschland. Lieferzeiten für Länder Informationen Berechnung Liefertermins siehe </fragment> </item> <item> <fragment> Zitronenöl, kbA - Biofrid-Cosmetic GmbH &amp; Co. KG Herstellung Vertrieb diätetischen, kosmetischen pharmazeutischen Produkten » Startseite Login / Registrierung | Ihre persönliche Seite | Warenkorb | Kasse Suche Literatur Produkte Ätherische/fette Öle Kosmetik Nahrungsergänzung/erg.bil. Diät Liefer- Versandkosten Datenschutz Unsere AGB Impressum Kontakt Widerrufsrecht Widerrufsformular Newsletter Biofrid Cosmetic GmbH &amp; Co.KG Hasseler Steinweg 9 27318 Hoya Postfach 1355 27316 Hoya Telefon 04251 9352-396 Telefax 04251 9352-290 Social Bookmarks [&lt;&lt;Erstes] [&lt;zurück] [weiter&gt;] [Letztes&gt;&gt;] 120 Artikel Kategorie Zitronenöl, kbA Inhalt: 10 ml Art.Nr.: 93902 PZN: 6872238 Preis: 6,50 EUR PAngV: 65,00 EUR pro 100 ml Gewicht: 0.05 Kg Ab 6,50 EUR incl. 19 % UST exkl. Versandkosten Lieferzeit: 3-7 Werktage* Das Produkt derzeitig lieferbar. Bestellungen können Ende April ausgeführt werden. Herkunft: Italien Art Produkts: Ätherisches Öl kontrolliert biologischem Anbau (kbA) Beschreibung: Dieses Öl starke Kopfnote, spritzig, frisch anregend duftet. Es klärt Luft unverkennbaren klaren Duft. Besonders anregend wirkt es, fließendem Wasser verdunsten kann. Hinweis: Unsere ätherischen fetten Öle kontrolliert biologischem Anbau (kbA) höchster Qualität. Es handelt flüchtige, hochkonzentrierte, ölige Substanzen, unterschiedlichen Herstellungsverfahren - Wasserdampfdestillation kalte Pressung - verschiedenen Pflanzenteilen gewonnen werden. Sie zumeist farblos hinterlassen Regel (außer Kaltpressung) sichtbaren Spuren, verflüchtigt haben. Diese ätherischen Öle 100% naturrein. Der Einsatz ätherischer Öle sparsam bewusst geschehen. Sie dienen Raumbeduftung Luftverbesserung. Sie dürfen unverdünnt Haut Schleimhäuten Kontakt gebracht werden, Reizungen führen können. In Schwangerschaft Kindern besondere Vorsicht geboten. Die angebotenen genuinen ätherischen Öle aufgrund Vielzahl einzigen Pflanze enthaltenen Duftstoffe umfassendes Bouquet. Darauf bezüglich Wahl Herkunftslandes Wert gelegt, Sortiment bewusst knapp gehalten. Aufgrund Lieferengpässen Ernteausfällen Ausnahmefällen Land gewechselt werden. Als Trägeröl bieten Jojobaöl an. Inhalt: Citrus limon Fruchtschalen Kunden, Artikel kauften, folgende Artikel gekauft: Didier® Nachtkerzen-Vitamin E Lotion Ab 10,60 EUR incl. 19 % UST exkl. Versandkosten Propolis Creme Biofrid Ab 6,90 EUR incl. 19 % UST exkl. Versandkosten Didier® Badeperlen Germanium Ab 19,90 EUR incl. 19 % UST exkl. Versandkosten Rosengeranienöl, kbA Ab 7,70 EUR incl. 19 % UST exkl. Versandkosten Niaouliöl, kbA Ab 7,00 EUR incl. 19 % UST exkl. Versandkosten Teebaumöl, kbA Ab 6,90 EUR incl. 19 % UST exkl. Versandkosten Powered by First-Web * Gilt für Lieferungen Deutschland. Lieferzeiten für Länder Informationen Berechnung Liefertermins siehe </fragment> </item> <item> <fragment> Zimtblätteröl, kbA - Biofrid-Cosmetic GmbH &amp; Co. KG Herstellung Vertrieb diätetischen, kosmetischen pharmazeutischen Produkten » Startseite Login / Registrierung | Ihre persönliche Seite | Warenkorb | Kasse Suche Literatur Produkte Ätherische/fette Öle Kosmetik Nahrungsergänzung/erg.bil. Diät Liefer- Versandkosten Datenschutz Unsere AGB Impressum Kontakt Widerrufsrecht Widerrufsformular Newsletter Biofrid Cosmetic GmbH &amp; Co.KG Hasseler Steinweg 9 27318 Hoya Postfach 1355 27316 Hoya Telefon 04251 9352-396 Telefax 04251 9352-290 Social Bookmarks [&lt;&lt;Erstes] [&lt;zurück] [weiter&gt;] [Letztes&gt;&gt;] 120 Artikel Kategorie Zimtblätteröl, kbA Inhalt: 5 ml Art.Nr.: 93851 PZN: 6872221 Preis: 4,00 EUR PAngV: 80,00 EUR pro 100 ml Gewicht: 0.05 Kg Ab 4,00 EUR incl. 19 % UST exkl. Versandkosten Lieferzeit: 3-7 Werktage* Herkunft: Sri Lanka Art Produkts: Ätherisches Öl kontrolliert biologischem Anbau (kbA) Beschreibung: Der Duft ätherischen Zimtöles Verwendung Pflanze Küche bekannt. Würzig, süß angenehm mild wirkt erwärmend, anregend inspirierend. Er vermittelt Gefühl angenehmen Geborgenheit. Hinweis: Unsere ätherischen fetten Öle kontrolliert biologischem Anbau (kbA) höchster Qualität. Es handelt flüchtige, hochkonzentrierte, ölige Substanzen, unterschiedlichen Herstellungsverfahren - Wasserdampfdestillation kalte Pressung - verschiedenen Pflanzenteilen gewonnen werden. Sie zumeist farblos hinterlassen Regel (außer Kaltpressung) sichtbaren Spuren, verflüchtigt haben. Diese ätherischen Öle 100% naturrein. Der Einsatz ätherischer Öle sparsam bewusst geschehen. Sie dienen Raumbeduftung Luftverbesserung. Sie dürfen unverdünnt Haut Schleimhäuten Kontakt gebracht werden, Reizungen führen können. In Schwangerschaft Kindern besondere Vorsicht geboten. Die angebotenen genuinen ätherischen Öle aufgrund Vielzahl einzigen Pflanze enthaltenen Duftstoffe umfassendes Bouquet. Darauf bezüglich Wahl Herkunftslandes Wert gelegt, Sortiment bewusst knapp gehalten. Aufgrund Lieferengpässen Ernteausfällen Ausnahmefällen Land gewechselt werden. Als Trägeröl bieten Jojobaöl an. Inhalt: Cinnamomum ceylanicum Blättern Kunden, Artikel kauften, folgende Artikel gekauft: Bergamotteöl, kbA Ab 8,50 EUR incl. 19 % UST exkl. Versandkosten Rosengeranienöl, kbA Ab 7,70 EUR incl. 19 % UST exkl. Versandkosten Thymianöl (linalol), kbA Ab 11,40 EUR incl. 19 % UST exkl. Versandkosten Didier® Badeperlen Germanium (Beutel) Ab 191,60 EUR incl. 19 % UST exkl. Versandkosten RMS Biofrid Ab 18,00 EUR incl. 7 % UST exkl. Versandkosten EPALIPID® Ab 17,50 EUR incl. 7 % UST exkl. Versandkosten Powered by First-Web * Gilt für Lieferungen Deutschland. Lieferzeiten für Länder Informationen Berechnung Liefertermins siehe </fragment> </item> <item> <fragment> Lavendelöl, kbA - Biofrid-Cosmetic GmbH &amp; Co. KG Herstellung Vertrieb diätetischen, kosmetischen pharmazeutischen Produkten » Startseite Login / Registrierung | Ihre persönliche Seite | Warenkorb | Kasse Suche Literatur Produkte Ätherische/fette Öle Kosmetik Nahrungsergänzung/erg.bil. Diät Liefer- Versandkosten Datenschutz Unsere AGB Impressum Kontakt Widerrufsrecht Widerrufsformular Newsletter Biofrid Cosmetic GmbH &amp; Co.KG Hasseler Steinweg 9 27318 Hoya Postfach 1355 27316 Hoya Telefon 04251 9352-396 Telefax 04251 9352-290 Social Bookmarks [&lt;&lt;Erstes] [&lt;zurück] [weiter&gt;] [Letztes&gt;&gt;] 120 Artikel Kategorie Lavendelöl, kbA Inhalt: 10 ml Art.Nr.: 93202 PZN: 6871960 Preis: 8,50 EUR PAngV: 85,00 EUR pro 100 ml Gewicht: 0.05 Kg Ab 8,50 EUR incl. 19 % UST exkl. Versandkosten Lieferzeit: 3-7 Werktage* Herkunft: Bulgarien Art Produkts: Ätherisches Öl kontrolliert biologischem Anbau (kbA) Beschreibung: Das bekannteste klassische Duftöl frischen, krautig-blumigen Duft, wirkt ausgleichend harmonisierend Kombination Ölen wunderbaren Harmonisierung Duftmischungen führen. Hinweis: nsere ätherischen fetten Öle kontrolliert biologischem Anbau (kbA) höchster Qualität. Es handelt flüchtige, hochkonzentrierte, ölige Substanzen, unterschiedlichen Herstellungsverfahren - Wasserdampfdestillation kalte Pressung - verschiedenen Pflanzenteilen gewonnen werden. Sie zumeist farblos hinterlassen Regel (außer Kaltpressung) sichtbaren Spuren, verflüchtigt haben. Diese ätherischen Öle 100% naturrein. Der Einsatz ätherischer Öle sparsam bewusst geschehen. Sie dienen Raumbeduftung Luftverbesserung. Sie dürfen unverdünnt Haut Schleimhäuten Kontakt gebracht werden, Reizungen führen können. In Schwangerschaft Kindern besondere Vorsicht geboten. Die angebotenen genuinen ätherischen Öle aufgrund Vielzahl einzigen Pflanze enthaltenen Duftstoffe umfassendes Bouquet. Darauf bezüglich Wahl Herkunftslandes Wert gelegt, Sortiment bewusst knapp gehalten. Aufgrund Lieferengpässen Ernteausfällen Ausnahmefällen Land gewechselt werden. Als Trägeröl bieten Jojobaöl an. Inhalt: Lavandula angustifolia Blütenrispen Kunden, Artikel kauften, folgende Artikel gekauft: Didier® Badeperlen Germanium Ab 19,90 EUR incl. 19 % UST exkl. Versandkosten Arginin-diet Biofrid Ab 11,90 EUR incl. 7 % UST exkl. Versandkosten Didier® Hautcreme Germanium Ab 19,90 EUR incl. 19 % UST exkl. Versandkosten RMS Biofrid Ab 18,00 EUR incl. 7 % UST exkl. Versandkosten Selen-Biofrid Ab 5,50 EUR incl. 7 % UST exkl. Versandkosten Palmarosaöl, kbA Ab 5,90 EUR incl. 19 % UST exkl. Versandkosten Powered by First-Web * Gilt für Lieferungen Deutschland. Lieferzeiten für Länder Informationen Berechnung Liefertermins siehe </fragment> </item> <item> <fragment> Zedernöl, kbA - Biofrid-Cosmetic GmbH &amp; Co. KG Herstellung Vertrieb diätetischen, kosmetischen pharmazeutischen Produkten » Startseite Login / Registrierung | Ihre persönliche Seite | Warenkorb | Kasse Suche Literatur Produkte Ätherische/fette Öle Kosmetik Nahrungsergänzung/erg.bil. Diät Liefer- Versandkosten Datenschutz Unsere AGB Impressum Kontakt Widerrufsrecht Widerrufsformular Newsletter Biofrid Cosmetic GmbH &amp; Co.KG Hasseler Steinweg 9 27318 Hoya Postfach 1355 27316 Hoya Telefon 04251 9352-396 Telefax 04251 9352-290 Social Bookmarks [&lt;&lt;Erstes] [&lt;zurück] [weiter&gt;] [Letztes&gt;&gt;] 120 Artikel Kategorie Zedernöl, kbA Inhalt: 10 ml Art.Nr.: 93802 PZN: 6872215 Preis: 8,50 EUR PAngV: 85,00 EUR pro 100 ml Gewicht: 0.05 Kg Ab 8,50 EUR incl. 19 % UST exkl. Versandkosten Lieferzeit: 3-7 Werktage* Herkunft: Marokko Art Produkts: Ätherisches Öl kontrolliert biologischem Anbau (kbA) Beschreibung: Das Holz, ätherische Öl gewonnen wird, hinterlässt starke Spuren Duft Öles. Er holzig, balsamisch warm. Bei Raumbeduftung schafft ausgleichende stabilisierende Atmosphäre, Gefühl Ruhe Geborgenheit aufkommt. Hinweis: Unsere ätherischen fetten Öle kontrolliert biologischem Anbau (kbA) höchster Qualität. Es handelt flüchtige, hochkonzentrierte, ölige Substanzen, unterschiedlichen Herstellungsverfahren - Wasserdampfdestillation kalte Pressung - verschiedenen Pflanzenteilen gewonnen werden. Sie zumeist farblos hinterlassen Regel (außer Kaltpressung) sichtbaren Spuren, verflüchtigt haben. Diese ätherischen Öle 100% naturrein. Der Einsatz ätherischer Öle sparsam bewusst geschehen. Sie dienen Raumbeduftung Luftverbesserung. Sie dürfen unverdünnt Haut Schleimhäuten Kontakt gebracht werden, Reizungen führen können. In Schwangerschaft Kindern besondere Vorsicht geboten. Die angebotenen genuinen ätherischen Öle aufgrund Vielzahl einzigen Pflanze enthaltenen Duftstoffe umfassendes Bouquet. Darauf bezüglich Wahl Herkunftslandes Wert gelegt, Sortiment bewusst knapp gehalten. Aufgrund Lieferengpässen Ernteausfällen Ausnahmefällen Land gewechselt werden. Als Trägeröl bieten Jojobaöl an. Inhalt: Cedrus atlantica Holz Kunden, Artikel kauften, folgende Artikel gekauft: RMS Biofrid Ab 18,00 EUR incl. 7 % UST exkl. Versandkosten Didier® Hautcreme Germanium Ab 19,90 EUR incl. 19 % UST exkl. Versandkosten Arginin-diet Biofrid Ab 11,90 EUR incl. 7 % UST exkl. Versandkosten Palmarosaöl, kbA Ab 5,90 EUR incl. 19 % UST exkl. Versandkosten Didier® Badeperlen Germanium (Beutel) Ab 191,60 EUR incl. 19 % UST exkl. Versandkosten Didier® Badeperlen Germanium Ab 19,90 EUR incl. 19 % UST exkl. Versandkosten Powered by First-Web * Gilt für Lieferungen Deutschland. Lieferzeiten für Länder Informationen Berechnung Liefertermins siehe </fragment> </item> <item> <fragment> Jojobaöl, kbA - Biofrid-Cosmetic GmbH &amp; Co. KG Herstellung Vertrieb diätetischen, kosmetischen pharmazeutischen Produkten » Startseite Login / Registrierung | Ihre persönliche Seite | Warenkorb | Kasse Suche Literatur Produkte Ätherische/fette Öle Kosmetik Nahrungsergänzung/erg.bil. Diät Liefer- Versandkosten Datenschutz Unsere AGB Impressum Kontakt Widerrufsrecht Widerrufsformular Newsletter Biofrid Cosmetic GmbH &amp; Co.KG Hasseler Steinweg 9 27318 Hoya Postfach 1355 27316 Hoya Telefon 04251 9352-396 Telefax 04251 9352-290 Social Bookmarks [&lt;&lt;Erstes] [&lt;zurück] [weiter&gt;] [Letztes&gt;&gt;] 120 Artikel Kategorie Jojobaöl, kbA Inhalt: 50 ml Art.Nr.: 93956 PZN: 6872244 Preis: 6,90 EUR PAngV: 13,80 EUR pro 100 ml Gewicht: 0.11 Kg Ab 6,90 EUR incl. 19 % UST exkl. Versandkosten Lieferzeit: 3-7 Werktage* Herkunft: Argentinien / Israel / Ägypten Art Produkts: Fettes Öl kontrolliert biologischem Anbau (kalt gepreßt) Beschreibung: Jojobaöl Nüssen holzigen Strauches gewonnen, Halbwüsten wächst. Es pflegt, erhält Hautfeuchtigkeit fast geruchsneutral. Jojobaöl enthält Vitamin A E Lichtschutzfaktor 3-4. Aufgrund wachsartigen Charakters Jojobaöl ranzig zeichnet Haltbarkeit aus. Seine positiven Eigenschaften hervorragenden (Träger-) Öl Kosmetik gemacht. Inhalt: Simmondsia chinensis Nüssen Kunden, Artikel kauften, folgende Artikel gekauft: Didier® Hautcreme Germanium Ab 19,90 EUR incl. 19 % UST exkl. Versandkosten RMS Biofrid Ab 18,00 EUR incl. 7 % UST exkl. Versandkosten Teebaumöl, kbA Ab 6,90 EUR incl. 19 % UST exkl. Versandkosten Bergamotteöl, kbA Ab 8,50 EUR incl. 19 % UST exkl. Versandkosten Thymianöl (linalol), kbA Ab 11,40 EUR incl. 19 % UST exkl. Versandkosten Rosengeranienöl, kbA Ab 7,70 EUR incl. 19 % UST exkl. Versandkosten Powered by First-Web * Gilt für Lieferungen Deutschland. Lieferzeiten für Länder Informationen Berechnung Liefertermins siehe </fragment> </item> <item> <fragment> Nelkenblütenöl, kbA - Biofrid-Cosmetic GmbH &amp; Co. KG Herstellung Vertrieb diätetischen, kosmetischen pharmazeutischen Produkten » Startseite Login / Registrierung | Ihre persönliche Seite | Warenkorb | Kasse Suche Literatur Produkte Ätherische/fette Öle Kosmetik Nahrungsergänzung/erg.bil. Diät Liefer- Versandkosten Datenschutz Unsere AGB Impressum Kontakt Widerrufsrecht Widerrufsformular Newsletter Biofrid Cosmetic GmbH &amp; Co.KG Hasseler Steinweg 9 27318 Hoya Postfach 1355 27316 Hoya Telefon 04251 9352-396 Telefax 04251 9352-290 Social Bookmarks [&lt;&lt;Erstes] [&lt;zurück] [weiter&gt;] [Letztes&gt;&gt;] 120 Artikel Kategorie Nelkenblütenöl, kbA Inhalt: 5 ml Art.Nr.: 93351 PZN: 6871983 Preis: 5,90 EUR PAngV: 118,00 EUR pro 100 ml Gewicht: 0.05 Kg Ab 5,90 EUR incl. 19 % UST exkl. Versandkosten Lieferzeit: 3-7 Werktage* Herkunft: Sri Lanka Art Produkts: Ätherisches Öl kontrolliert biologischem Anbau (kbA) Beschreibung: Das Blütenknospen Pflanze gewonnene ätherische Öl duftet würzig, scharf süßlich. Es erwärmenden Charakter, gleichzeitig anregend ist. Das spricht Gefühlsebene an, außerdem verbinden Duft Gewürzbäckereien. Hinweis: Unsere ätherischen fetten Öle kontrolliert biologischem Anbau (kbA) höchster Qualität. Es handelt flüchtige, hochkonzentrierte, ölige Substanzen, unterschiedlichen Herstellungsverfahren - Wasserdampfdestillation kalte Pressung - verschiedenen Pflanzenteilen gewonnen werden. Sie zumeist farblos hinterlassen Regel (außer Kaltpressung) sichtbaren Spuren, verflüchtigt haben. Diese ätherischen Öle 100% naturrein. Der Einsatz ätherischer Öle sparsam bewusst geschehen. Sie dienen Raumbeduftung Luftverbesserung. Sie dürfen unverdünnt Haut Schleimhäuten Kontakt gebracht werden, Reizungen führen können. In Schwangerschaft Kindern besondere Vorsicht geboten. Die angebotenen genuinen ätherischen Öle aufgrund Vielzahl einzigen Pflanze enthaltenen Duftstoffe umfassendes Bouquet. Darauf bezüglich Wahl Herkunftslandes Wert gelegt, Sortiment bewusst knapp gehalten. Aufgrund Lieferengpässen Ernteausfällen Ausnahmefällen Land gewechselt werden. Als Trägeröl bieten Jojobaöl an. Inhalt: Syzygium aromaticum Blüten Kunden, Artikel kauften, folgende Artikel gekauft: Bergamotteöl, kbA Ab 8,50 EUR incl. 19 % UST exkl. Versandkosten Thymianöl (linalol), kbA Ab 11,40 EUR incl. 19 % UST exkl. Versandkosten Palmarosaöl, kbA Ab 5,90 EUR incl. 19 % UST exkl. Versandkosten Rosengeranienöl, kbA Ab 7,70 EUR incl. 19 % UST exkl. Versandkosten Eukalyptusöl citriodora, kbA Ab 6,50 EUR incl. 19 % UST exkl. Versandkosten Pfefferminzöl, kbA Ab 9,70 EUR incl. 19 % UST exkl. Versandkosten Powered by First-Web * Gilt für Lieferungen Deutschland. Lieferzeiten für Länder Informationen Berechnung Liefertermins siehe </fragment> </item> <item> <fragment> Cajeputöl, kbA - Biofrid-Cosmetic GmbH &amp; Co. KG Herstellung Vertrieb diätetischen, kosmetischen pharmazeutischen Produkten » Startseite Login / Registrierung | Ihre persönliche Seite | Warenkorb | Kasse Suche Literatur Produkte Ätherische/fette Öle Kosmetik Nahrungsergänzung/erg.bil. Diät Liefer- Versandkosten Datenschutz Unsere AGB Impressum Kontakt Widerrufsrecht Widerrufsformular Newsletter Biofrid Cosmetic GmbH &amp; Co.KG Hasseler Steinweg 9 27318 Hoya Postfach 1355 27316 Hoya Telefon 04251 9352-396 Telefax 04251 9352-290 Social Bookmarks [&lt;&lt;Erstes] [&lt;zurück] [weiter&gt;] [Letztes&gt;&gt;] 120 Artikel Kategorie Cajeputöl, kbA Inhalt: 10 ml Art.Nr.: 93102 PZN: 1927897 Preis: 6,90 EUR PAngV: 69,00 EUR pro 100 ml Gewicht: 0.05 Kg Ab 6,90 EUR incl. 19 % UST exkl. Versandkosten Lieferzeit: 3-7 Werktage* Herkunft: Vietnam Art Produkts: Ätherisches Öl kontrolliert biologischem Anbau (kbA) Beschreibung: Dieses Öl starke Kopfnote, erfrischend reinigend empfunden wird. Das frische klare Duftprofil Geltung Verwendung Wasserspiel. Hinweis: Unsere ätherischen fetten Öle kontrolliert biologischem Anbau (kbA) höchster Qualität. Es handelt flüchtige, hochkonzentrierte, ölige Substanzen, unterschiedlichen Herstellungsverfahren - Wasserdampfdestillation kalte Pressung - verschiedenen Pflanzenteilen gewonnen werden. Sie zumeist farblos hinterlassen Regel (außer Kaltpressung) sichtbaren Spuren, verflüchtigt haben. Diese ätherischen Öle 100% naturrein. Der Einsatz ätherischer Öle sparsam bewusst geschehen. Sie dienen Raumbeduftung Luftverbesserung. Sie dürfen unverdünnt Haut Schleimhäuten Kontakt gebracht werden, Reizungen führen können. In Schwangerschaft Kindern besondere Vorsicht geboten. Die angebotenen genuinen ätherischen Öle aufgrund Vielzahl einzigen Pflanze enthaltenen Duftstoffe umfassendes Bouquet. Darauf bezüglich Wahl Herkunftslandes Wert gelegt, Sortiment bewusst knapp gehalten. Aufgrund Lieferengpässen Ernteausfällen Ausnahmefällen Land gewechselt werden. Als Trägeröl bieten Jojobaöl an. Inhalt: Melaleuca cajeputi Blättern Kunden, Artikel kauften, folgende Artikel gekauft: Didier® Hautcreme Germanium Ab 19,90 EUR incl. 19 % UST exkl. Versandkosten Didier® Nachtkerzen-Vitamin E Lotion Ab 10,60 EUR incl. 19 % UST exkl. Versandkosten Arginin-diet Biofrid Ab 11,90 EUR incl. 7 % UST exkl. Versandkosten Zink-diet Biofrid Ab 9,00 EUR incl. 7 % UST exkl. Versandkosten Majoranöl, kbA Ab 6,90 EUR incl. 19 % UST exkl. Versandkosten Palmarosaöl, kbA Ab 5,90 EUR incl. 19 % UST exkl. Versandkosten Powered by First-Web * Gilt für Lieferungen Deutschland. Lieferzeiten für Länder Informationen Berechnung Liefertermins siehe </fragment> </item> <item> <fragment> Eukalyptusöl citriodora, kbA - Biofrid-Cosmetic GmbH &amp; Co. KG Herstellung Vertrieb diätetischen, kosmetischen pharmazeutischen Produkten » Startseite Login / Registrierung | Ihre persönliche Seite | Warenkorb | Kasse Suche Literatur Produkte Ätherische/fette Öle Kosmetik Nahrungsergänzung/erg.bil. Diät Liefer- Versandkosten Datenschutz Unsere AGB Impressum Kontakt Widerrufsrecht Widerrufsformular Newsletter Biofrid Cosmetic GmbH &amp; Co.KG Hasseler Steinweg 9 27318 Hoya Postfach 1355 27316 Hoya Telefon 04251 9352-396 Telefax 04251 9352-290 Social Bookmarks [&lt;&lt;Erstes] [&lt;zurück] [weiter&gt;] [Letztes&gt;&gt;] 120 Artikel Kategorie Eukalyptusöl citriodora, kbA Inhalt: 10 ml Art.Nr.: 93152 PZN: 1927880 Preis: 6,50 EUR PAngV: 65,00 EUR pro 100 ml Gewicht: 0.05 Kg Ab 6,50 EUR incl. 19 % UST exkl. Versandkosten Lieferzeit: 3-7 Werktage* Herkunft: Brasilien Art Produkts: Ätherisches Öl kontrolliert biologischem Anbau (kbA) Beschreibung: Eukalyptusöl erfrischenden belebenden Duft. Seine aktivierenden Inhaltsstoffe vertreiben Lustlosigkeit, wecken Lebensgeister fördern Konzentration geistige Wachheit. Hinweis: Unsere ätherischen fetten Öle kontrolliert biologischem Anbau (kbA) höchster Qualität. Es handelt flüchtige, hochkonzentrierte, ölige Substanzen, unterschiedlichen Herstellungsverfahren - Wasserdampfdestillation kalte Pressung - verschiedenen Pflanzenteilen gewonnen werden. Sie zumeist farblos hinterlassen Regel (außer Kaltpressung) sichtbaren Spuren, verflüchtigt haben. Diese ätherischen Öle 100% naturrein. Der Einsatz ätherischer Öle sparsam bewusst geschehen. Sie dienen Raumbeduftung Luftverbesserung. Sie dürfen unverdünnt Haut Schleimhäuten Kontakt gebracht werden, Reizungen führen können. In Schwangerschaft Kindern besondere Vorsicht geboten. Die angebotenen genuinen ätherischen Öle aufgrund Vielzahl einzigen Pflanze enthaltenen Duftstoffe umfassendes Bouquet. Darauf bezüglich Wahl Herkunftslandes Wert gelegt, Sortiment bewusst knapp gehalten. Aufgrund Lieferengpässen Ernteausfällen Ausnahmefällen Land gewechselt werden. Als Trägeröl bieten Jojobaöl an. Inhalt: Eucalyptus citriodora Blättern u. Zweigspitzen Kunden, Artikel kauften, folgende Artikel gekauft: Cajeputöl, kbA Ab 6,90 EUR incl. 19 % UST exkl. Versandkosten Bergamotteöl, kbA Ab 8,50 EUR incl. 19 % UST exkl. Versandkosten Arnica Creme Biofrid Ab 6,90 EUR incl. 19 % UST exkl. Versandkosten Ringelblumen Creme Biofrid Ab 6,90 EUR incl. 19 % UST exkl. Versandkosten Didier® Nachtkerzen-Vitamin E-Creme Ab 7,50 EUR incl. 19 % UST exkl. Versandkosten Teebaumöl, kbA Ab 6,90 EUR incl. 19 % UST exkl. Versandkosten Powered by First-Web * Gilt für Lieferungen Deutschland. Lieferzeiten für Länder Informationen Berechnung Liefertermins siehe </fragment> </item> <item> <fragment> Bergamotteöl, kbA - Biofrid-Cosmetic GmbH &amp; Co. KG Herstellung Vertrieb diätetischen, kosmetischen pharmazeutischen Produkten » Startseite Login / Registrierung | Ihre persönliche Seite | Warenkorb | Kasse Suche Literatur Produkte Ätherische/fette Öle Kosmetik Nahrungsergänzung/erg.bil. Diät Liefer- Versandkosten Datenschutz Unsere AGB Impressum Kontakt Widerrufsrecht Widerrufsformular Newsletter Biofrid Cosmetic GmbH &amp; Co.KG Hasseler Steinweg 9 27318 Hoya Postfach 1355 27316 Hoya Telefon 04251 9352-396 Telefax 04251 9352-290 Social Bookmarks [&lt;&lt;Erstes] [&lt;zurück] 120 Artikel Kategorie Bergamotteöl, kbA Inhalt: 10 ml Art.Nr.: 93052 PZN: 6871859 Preis: 8,50 EUR PAngV: 85,00 EUR pro 100 ml Gewicht: 0.05 Kg Ab 8,50 EUR incl. 19 % UST exkl. Versandkosten Lieferzeit: 3-7 Werktage* Herkunft: Italien Art Produkts: Ätherisches Öl kontrolliert biologischem Anbau (kbA) Beschreibung: Das ätherische Öl Kaltpressung Fruchtschale gewonnen erfrischenden, leichten, angenehm stimulierenden Effekt. Es hervorragend geeignet, Stimmung heben. Hinweis: Unsere ätherischen fetten Öle kontrolliert biologischem Anbau (kbA) höchster Qualität. Es handelt flüchtige, hochkonzentrierte, ölige Substanzen, unterschiedlichen Herstellungsverfahren - Wasserdampfdestillation kalte Pressung - verschiedenen Pflanzenteilen gewonnen werden. Sie zumeist farblos hinterlassen Regel (außer Kaltpressung) sichtbaren Spuren, verflüchtigt haben. Diese ätherischen Öle 100% naturrein. Der Einsatz ätherischer Öle sparsam bewusst geschehen. Sie dienen Raumbeduftung Luftverbesserung. Sie dürfen unverdünnt Haut Schleimhäuten Kontakt gebracht werden, Reizungen führen können. In Schwangerschaft Kindern besondere Vorsicht geboten. Die angebotenen genuinen ätherischen Öle aufgrund Vielzahl einzigen Pflanze enthaltenen Duftstoffe umfassendes Bouquet. Darauf bezüglich Wahl Herkunftslandes Wert gelegt, Sortiment bewusst knapp gehalten. Aufgrund Lieferengpässen Ernteausfällen Ausnahmefällen Land gewechselt werden. Als Trägeröl bieten Jojobaöl an. Inhalt: Citrus bergamia Fruchtschalen Kunden, Artikel kauften, folgende Artikel gekauft: Nelkenblütenöl, kbA Ab 5,90 EUR incl. 19 % UST exkl. Versandkosten Zimtblätteröl, kbA Ab 4,00 EUR incl. 19 % UST exkl. Versandkosten Majoranöl, kbA Ab 6,90 EUR incl. 19 % UST exkl. Versandkosten Palmarosaöl, kbA Ab 5,90 EUR incl. 19 % UST exkl. Versandkosten Rosengeranienöl, kbA Ab 7,70 EUR incl. 19 % UST exkl. Versandkosten Jojobaöl, kbA Ab 6,90 EUR incl. 19 % UST exkl. Versandkosten Powered by First-Web * Gilt für Lieferungen Deutschland. Lieferzeiten für Länder Informationen Berechnung Liefertermins siehe </fragment> </item> <item> <fragment> Zitronenöl, kbA - Biofrid-Cosmetic GmbH &amp; Co. KG Herstellung Vertrieb diätetischen, kosmetischen pharmazeutischen Produkten » Startseite Login / Registrierung | Ihre persönliche Seite | Warenkorb | Kasse Suche Literatur Produkte Ätherische/fette Öle Kosmetik Nahrungsergänzung/erg.bil. Diät Liefer- Versandkosten Datenschutz Unsere AGB Impressum Kontakt Widerrufsrecht Widerrufsformular Newsletter Biofrid Cosmetic GmbH &amp; Co.KG Hasseler Steinweg 9 27318 Hoya Postfach 1355 27316 Hoya Telefon 04251 9352-396 Telefax 04251 9352-290 Social Bookmarks [&lt;&lt;Erstes] [&lt;zurück] [weiter&gt;] [Letztes&gt;&gt;] 120 Artikel Kategorie Zitronenöl, kbA Inhalt: 10 ml Art.Nr.: 93902 PZN: 6872238 Preis: 6,50 EUR PAngV: 65,00 EUR pro 100 ml Gewicht: 0.05 Kg Ab 6,50 EUR incl. 19 % UST exkl. Versandkosten Lieferzeit: 3-7 Werktage* Das Produkt derzeitig lieferbar. Bestellungen können Ende April ausgeführt werden. Herkunft: Italien Art Produkts: Ätherisches Öl kontrolliert biologischem Anbau (kbA) Beschreibung: Dieses Öl starke Kopfnote, spritzig, frisch anregend duftet. Es klärt Luft unverkennbaren klaren Duft. Besonders anregend wirkt es, fließendem Wasser verdunsten kann. Hinweis: Unsere ätherischen fetten Öle kontrolliert biologischem Anbau (kbA) höchster Qualität. Es handelt flüchtige, hochkonzentrierte, ölige Substanzen, unterschiedlichen Herstellungsverfahren - Wasserdampfdestillation kalte Pressung - verschiedenen Pflanzenteilen gewonnen werden. Sie zumeist farblos hinterlassen Regel (außer Kaltpressung) sichtbaren Spuren, verflüchtigt haben. Diese ätherischen Öle 100% naturrein. Der Einsatz ätherischer Öle sparsam bewusst geschehen. Sie dienen Raumbeduftung Luftverbesserung. Sie dürfen unverdünnt Haut Schleimhäuten Kontakt gebracht werden, Reizungen führen können. In Schwangerschaft Kindern besondere Vorsicht geboten. Die angebotenen genuinen ätherischen Öle aufgrund Vielzahl einzigen Pflanze enthaltenen Duftstoffe umfassendes Bouquet. Darauf bezüglich Wahl Herkunftslandes Wert gelegt, Sortiment bewusst knapp gehalten. Aufgrund Lieferengpässen Ernteausfällen Ausnahmefällen Land gewechselt werden. Als Trägeröl bieten Jojobaöl an. Inhalt: Citrus limon Fruchtschalen Kunden, Artikel kauften, folgende Artikel gekauft: Didier® Nachtkerzen-Vitamin E Lotion Ab 10,60 EUR incl. 19 % UST exkl. Versandkosten Propolis Creme Biofrid Ab 6,90 EUR incl. 19 % UST exkl. Versandkosten Didier® Badeperlen Germanium Ab 19,90 EUR incl. 19 % UST exkl. Versandkosten Rosengeranienöl, kbA Ab 7,70 EUR incl. 19 % UST exkl. Versandkosten Niaouliöl, kbA Ab 7,00 EUR incl. 19 % UST exkl. Versandkosten Teebaumöl, kbA Ab 6,90 EUR incl. 19 % UST exkl. Versandkosten Powered by First-Web * Gilt für Lieferungen Deutschland. Lieferzeiten für Länder Informationen Berechnung Liefertermins siehe </fragment> </item> <item> <fragment> Lorbeerblätteröl, kbA - Biofrid-Cosmetic GmbH &amp; Co. KG Herstellung Vertrieb diätetischen, kosmetischen pharmazeutischen Produkten » Startseite Login / Registrierung | Ihre persönliche Seite | Warenkorb | Kasse Suche Literatur Produkte Ätherische/fette Öle Kosmetik Nahrungsergänzung/erg.bil. Diät Liefer- Versandkosten Datenschutz Unsere AGB Impressum Kontakt Widerrufsrecht Widerrufsformular Newsletter Biofrid Cosmetic GmbH &amp; Co.KG Hasseler Steinweg 9 27318 Hoya Postfach 1355 27316 Hoya Telefon 04251 9352-396 Telefax 04251 9352-290 Social Bookmarks [&lt;&lt;Erstes] [&lt;zurück] [weiter&gt;] [Letztes&gt;&gt;] 120 Artikel Kategorie Lorbeerblätteröl, kbA Inhalt: 5 ml Art.Nr.: 93251 PZN: 1927845 Preis: 10,50 EUR PAngV: 210,00 EUR pro 100 ml Gewicht: 0.05 Kg Ab 10,50 EUR incl. 19 % UST exkl. Versandkosten Lieferzeit: 3-7 Werktage* Herkunft: Bosnien-Herzegowina Art Produkts: Ätherisches Öl kontrolliert biologischem Anbau (kbA) Beschreibung: Nicht Grund Antike Helden Lorbeerkranz geschmückt,. Pflanze umfassendes Duftbouquet aufgrund enthaltenen vielfältigen Substanzen. Sie Duftqualitäten, erfassen können, wobei Kopf- Herznote überwiegen. Der Duft erscheint klärend, anregend kraftvoll. Hinweis: Unsere ätherischen fetten Öle kontrolliert biologischem Anbau (kbA) höchster Qualität. Es handelt flüchtige, hochkonzentrierte, ölige Substanzen, unterschiedlichen Herstellungsverfahren - Wasserdampfdestillation kalte Pressung - verschiedenen Pflanzenteilen gewonnen werden. Sie zumeist farblos hinterlassen Regel (außer Kaltpressung) sichtbaren Spuren, verflüchtigt haben. Diese ätherischen Öle 100% naturrein. Der Einsatz ätherischer Öle sparsam bewusst geschehen. Sie dienen Raumbeduftung Luftverbesserung. Sie dürfen unverdünnt Haut Schleimhäuten Kontakt gebracht werden, Reizungen führen können. In Schwangerschaft Kindern besondere Vorsicht geboten. Die angebotenen genuinen ätherischen Öle aufgrund Vielzahl einzigen Pflanze enthaltenen Duftstoffe umfassendes Bouquet. Darauf bezüglich Wahl Herkunftslandes Wert gelegt, Sortiment bewusst knapp gehalten. Aufgrund Lieferengpässen Ernteausfällen Ausnahmefällen Land gewechselt werden. Als Trägeröl bieten Jojobaöl an. Inhalt: Laurus nobilis L. Blättern Kunden, Artikel kauften, folgende Artikel gekauft: Palmarosaöl, kbA Ab 5,90 EUR incl. 19 % UST exkl. Versandkosten Niaouliöl, kbA Ab 7,00 EUR incl. 19 % UST exkl. Versandkosten Teebaumöl, kbA Ab 6,90 EUR incl. 19 % UST exkl. Versandkosten Bergamotteöl, kbA Ab 8,50 EUR incl. 19 % UST exkl. Versandkosten Cajeputöl, kbA Ab 6,90 EUR incl. 19 % UST exkl. Versandkosten Rosengeranienöl, kbA Ab 7,70 EUR incl. 19 % UST exkl. Versandkosten Powered by First-Web * Gilt für Lieferungen Deutschland. Lieferzeiten für Länder Informationen Berechnung Liefertermins siehe </fragment> </item> <item> <fragment> Zimtblätteröl, kbA - Biofrid-Cosmetic GmbH &amp; Co. KG Herstellung Vertrieb diätetischen, kosmetischen pharmazeutischen Produkten » Startseite Login / Registrierung | Ihre persönliche Seite | Warenkorb | Kasse Suche Literatur Produkte Ätherische/fette Öle Kosmetik Nahrungsergänzung/erg.bil. Diät Liefer- Versandkosten Datenschutz Unsere AGB Impressum Kontakt Widerrufsrecht Widerrufsformular Newsletter Biofrid Cosmetic GmbH &amp; Co.KG Hasseler Steinweg 9 27318 Hoya Postfach 1355 27316 Hoya Telefon 04251 9352-396 Telefax 04251 9352-290 Social Bookmarks [&lt;&lt;Erstes] [&lt;zurück] [weiter&gt;] [Letztes&gt;&gt;] 120 Artikel Kategorie Zimtblätteröl, kbA Inhalt: 5 ml Art.Nr.: 93851 PZN: 6872221 Preis: 4,00 EUR PAngV: 80,00 EUR pro 100 ml Gewicht: 0.05 Kg Ab 4,00 EUR incl. 19 % UST exkl. Versandkosten Lieferzeit: 3-7 Werktage* Herkunft: Sri Lanka Art Produkts: Ätherisches Öl kontrolliert biologischem Anbau (kbA) Beschreibung: Der Duft ätherischen Zimtöles Verwendung Pflanze Küche bekannt. Würzig, süß angenehm mild wirkt erwärmend, anregend inspirierend. Er vermittelt Gefühl angenehmen Geborgenheit. Hinweis: Unsere ätherischen fetten Öle kontrolliert biologischem Anbau (kbA) höchster Qualität. Es handelt flüchtige, hochkonzentrierte, ölige Substanzen, unterschiedlichen Herstellungsverfahren - Wasserdampfdestillation kalte Pressung - verschiedenen Pflanzenteilen gewonnen werden. Sie zumeist farblos hinterlassen Regel (außer Kaltpressung) sichtbaren Spuren, verflüchtigt haben. Diese ätherischen Öle 100% naturrein. Der Einsatz ätherischer Öle sparsam bewusst geschehen. Sie dienen Raumbeduftung Luftverbesserung. Sie dürfen unverdünnt Haut Schleimhäuten Kontakt gebracht werden, Reizungen führen können. In Schwangerschaft Kindern besondere Vorsicht geboten. Die angebotenen genuinen ätherischen Öle aufgrund Vielzahl einzigen Pflanze enthaltenen Duftstoffe umfassendes Bouquet. Darauf bezüglich Wahl Herkunftslandes Wert gelegt, Sortiment bewusst knapp gehalten. Aufgrund Lieferengpässen Ernteausfällen Ausnahmefällen Land gewechselt werden. Als Trägeröl bieten Jojobaöl an. Inhalt: Cinnamomum ceylanicum Blättern Kunden, Artikel kauften, folgende Artikel gekauft: Bergamotteöl, kbA Ab 8,50 EUR incl. 19 % UST exkl. Versandkosten Rosengeranienöl, kbA Ab 7,70 EUR incl. 19 % UST exkl. Versandkosten Thymianöl (linalol), kbA Ab 11,40 EUR incl. 19 % UST exkl. Versandkosten Didier® Badeperlen Germanium (Beutel) Ab 191,60 EUR incl. 19 % UST exkl. Versandkosten RMS Biofrid Ab 18,00 EUR incl. 7 % UST exkl. Versandkosten EPALIPID® Ab 17,50 EUR incl. 7 % UST exkl. Versandkosten Powered by First-Web * Gilt für Lieferungen Deutschland. Lieferzeiten für Länder Informationen Berechnung Liefertermins siehe </fragment> </item> <item> <fragment> Bergamotte, organic - Biofrid-Cosmetic GmbH &amp; Co. KG Herstellung Vertrieb diätetischen, kosmetischen pharmazeutischen Produkten » Home Login / Register | Your account | Shopping Cart | Cash box Search Literature Products Cosmetics Dietary Supplement Essential/fatty oils Shipping &amp; Returns Privacy Notice General terms and conditions Imprint Contact Right of revocation Standard withdrawal form Newsletter Biofrid Cosmetic GmbH &amp; Co.KG Hasseler Steinweg 9 27318 Hoya Postfach 1355 27316 Hoya Telefon 04251 9352-396 Telefax 04251 9352-290 Social Bookmarks [&lt;&lt;First] [&lt;Back] 120 Articles this categorie Bergamotte, organic Volume: 10 ml Product No.: 93052 PZN: 6871859 Price: 8,50 EUR Price reg.: 85,00 EUR per 100 ml Weight: 0.05 Kg from 8,50 EUR incl. 19 % Tax excl. Shipping costs Shipping time: 3-7 working days* Origin: Italy Type of product: Essential oil from controlled organic crops Description: The essential oil is obtained from the fruit peel and is cold-pressed. It has refreshing, light and pleasantly stimulating effect and is excellently suitable to lift moods. Note: These are volatile, highly concentrated oily substances obtained by different procedures e.g. water steam distillation or cold-pressing, from different plant elements. They are mostly clear and after having volatilized (except after cold-pressing) normally do not leave any visible traces. The products offered by Biofrid® are of high quality whose ingredients originate from controlled organic crops and contain 100% essential oil. Essential oils must be used very sparingly and consciously. They serve to fill room as well as improving the surrounding air with pleasant fragrance. Undiluted they must not come into contact with skin or mucous membranes, as this could cause irritation. Special caution must be exercised during pregnancy and the presence of children. Due to the numerous fragrances contained only one plant, genuine essential oils have very full bouquet to which great importance is attached regarding choice of the country of origin, and this is why the range is limited. In exceptional cases the supplier country is changed, e.g. where cases of supply shortage or crop failure could occur. Content: Citrus bergamia from fruit peel Customers who bought this product bought the following products: Carnation, organic from 5,90 EUR incl. 19 % Tax excl. Shipping costs Cinnamon, organic from 4,00 EUR incl. 19 % Tax excl. Shipping costs Majoran, organic from 6,90 EUR incl. 19 % Tax excl. Shipping costs Palmarosa, organic from 5,90 EUR incl. 19 % Tax excl. Shipping costs Rose geranium, organic from 7,70 EUR incl. 19 % Tax excl. Shipping costs Jojoba, organic from 6,90 EUR incl. 19 % Tax excl. Shipping costs Powered by First-Web * Gilt für Lieferungen Deutschland. Lieferzeiten für Länder Informationen Berechnung Liefertermins siehe </fragment> </item> <item> <fragment> Bergamotteöl, kbA - Biofrid-Cosmetic GmbH &amp; Co. KG Herstellung Vertrieb diätetischen, kosmetischen pharmazeutischen Produkten » Startseite Login / Registrierung | Ihre persönliche Seite | Warenkorb | Kasse Suche Literatur Produkte Ätherische/fette Öle Kosmetik Nahrungsergänzung/erg.bil. Diät Liefer- Versandkosten Datenschutz Unsere AGB Impressum Kontakt Widerrufsrecht Widerrufsformular Newsletter Biofrid Cosmetic GmbH &amp; Co.KG Hasseler Steinweg 9 27318 Hoya Postfach 1355 27316 Hoya Telefon 04251 9352-396 Telefax 04251 9352-290 Social Bookmarks [&lt;&lt;Erstes] [&lt;zurück] 120 Artikel Kategorie Bergamotteöl, kbA Inhalt: 10 ml Art.Nr.: 93052 PZN: 6871859 Preis: 8,50 EUR PAngV: 85,00 EUR pro 100 ml Gewicht: 0.05 Kg Ab 8,50 EUR incl. 19 % UST exkl. Versandkosten Lieferzeit: 3-7 Werktage* Herkunft: Italien Art Produkts: Ätherisches Öl kontrolliert biologischem Anbau (kbA) Beschreibung: Das ätherische Öl Kaltpressung Fruchtschale gewonnen erfrischenden, leichten, angenehm stimulierenden Effekt. Es hervorragend geeignet, Stimmung heben. Hinweis: Unsere ätherischen fetten Öle kontrolliert biologischem Anbau (kbA) höchster Qualität. Es handelt flüchtige, hochkonzentrierte, ölige Substanzen, unterschiedlichen Herstellungsverfahren - Wasserdampfdestillation kalte Pressung - verschiedenen Pflanzenteilen gewonnen werden. Sie zumeist farblos hinterlassen Regel (außer Kaltpressung) sichtbaren Spuren, verflüchtigt haben. Diese ätherischen Öle 100% naturrein. Der Einsatz ätherischer Öle sparsam bewusst geschehen. Sie dienen Raumbeduftung Luftverbesserung. Sie dürfen unverdünnt Haut Schleimhäuten Kontakt gebracht werden, Reizungen führen können. In Schwangerschaft Kindern besondere Vorsicht geboten. Die angebotenen genuinen ätherischen Öle aufgrund Vielzahl einzigen Pflanze enthaltenen Duftstoffe umfassendes Bouquet. Darauf bezüglich Wahl Herkunftslandes Wert gelegt, Sortiment bewusst knapp gehalten. Aufgrund Lieferengpässen Ernteausfällen Ausnahmefällen Land gewechselt werden. Als Trägeröl bieten Jojobaöl an. Inhalt: Citrus bergamia Fruchtschalen Kunden, Artikel kauften, folgende Artikel gekauft: Nelkenblütenöl, kbA Ab 5,90 EUR incl. 19 % UST exkl. Versandkosten Zimtblätteröl, kbA Ab 4,00 EUR incl. 19 % UST exkl. Versandkosten Majoranöl, kbA Ab 6,90 EUR incl. 19 % UST exkl. Versandkosten Palmarosaöl, kbA Ab 5,90 EUR incl. 19 % UST exkl. Versandkosten Rosengeranienöl, kbA Ab 7,70 EUR incl. 19 % UST exkl. Versandkosten Jojobaöl, kbA Ab 6,90 EUR incl. 19 % UST exkl. Versandkosten Powered by First-Web * Gilt für Lieferungen Deutschland. Lieferzeiten für Länder Informationen Berechnung Liefertermins siehe </fragment> </item> <item> <fragment> Zedernöl, kbA - Biofrid-Cosmetic GmbH &amp; Co. KG Herstellung Vertrieb diätetischen, kosmetischen pharmazeutischen Produkten » Startseite Login / Registrierung | Ihre persönliche Seite | Warenkorb | Kasse Suche Literatur Produkte Ätherische/fette Öle Kosmetik Nahrungsergänzung/erg.bil. Diät Liefer- Versandkosten Datenschutz Unsere AGB Impressum Kontakt Widerrufsrecht Widerrufsformular Newsletter Biofrid Cosmetic GmbH &amp; Co.KG Hasseler Steinweg 9 27318 Hoya Postfach 1355 27316 Hoya Telefon 04251 9352-396 Telefax 04251 9352-290 Social Bookmarks [&lt;&lt;Erstes] [&lt;zurück] [weiter&gt;] [Letztes&gt;&gt;] 120 Artikel Kategorie Zedernöl, kbA Inhalt: 10 ml Art.Nr.: 93802 PZN: 6872215 Preis: 8,50 EUR PAngV: 85,00 EUR pro 100 ml Gewicht: 0.05 Kg Ab 8,50 EUR incl. 19 % UST exkl. Versandkosten Lieferzeit: 3-7 Werktage* Herkunft: Marokko Art Produkts: Ätherisches Öl kontrolliert biologischem Anbau (kbA) Beschreibung: Das Holz, ätherische Öl gewonnen wird, hinterlässt starke Spuren Duft Öles. Er holzig, balsamisch warm. Bei Raumbeduftung schafft ausgleichende stabilisierende Atmosphäre, Gefühl Ruhe Geborgenheit aufkommt. Hinweis: Unsere ätherischen fetten Öle kontrolliert biologischem Anbau (kbA) höchster Qualität. Es handelt flüchtige, hochkonzentrierte, ölige Substanzen, unterschiedlichen Herstellungsverfahren - Wasserdampfdestillation kalte Pressung - verschiedenen Pflanzenteilen gewonnen werden. Sie zumeist farblos hinterlassen Regel (außer Kaltpressung) sichtbaren Spuren, verflüchtigt haben. Diese ätherischen Öle 100% naturrein. Der Einsatz ätherischer Öle sparsam bewusst geschehen. Sie dienen Raumbeduftung Luftverbesserung. Sie dürfen unverdünnt Haut Schleimhäuten Kontakt gebracht werden, Reizungen führen können. In Schwangerschaft Kindern besondere Vorsicht geboten. Die angebotenen genuinen ätherischen Öle aufgrund Vielzahl einzigen Pflanze enthaltenen Duftstoffe umfassendes Bouquet. Darauf bezüglich Wahl Herkunftslandes Wert gelegt, Sortiment bewusst knapp gehalten. Aufgrund Lieferengpässen Ernteausfällen Ausnahmefällen Land gewechselt werden. Als Trägeröl bieten Jojobaöl an. Inhalt: Cedrus atlantica Holz Kunden, Artikel kauften, folgende Artikel gekauft: RMS Biofrid Ab 18,00 EUR incl. 7 % UST exkl. Versandkosten Didier® Hautcreme Germanium Ab 19,90 EUR incl. 19 % UST exkl. Versandkosten Arginin-diet Biofrid Ab 11,90 EUR incl. 7 % UST exkl. Versandkosten Palmarosaöl, kbA Ab 5,90 EUR incl. 19 % UST exkl. Versandkosten Didier® Badeperlen Germanium (Beutel) Ab 191,60 EUR incl. 19 % UST exkl. Versandkosten Didier® Badeperlen Germanium Ab 19,90 EUR incl. 19 % UST exkl. Versandkosten Powered by First-Web * Gilt für Lieferungen Deutschland. Lieferzeiten für Länder Informationen Berechnung Liefertermins siehe </fragment> </item> <item> <fragment> Cajeputöl, kbA - Biofrid-Cosmetic GmbH &amp; Co. KG Herstellung Vertrieb diätetischen, kosmetischen pharmazeutischen Produkten » Startseite Login / Registrierung | Ihre persönliche Seite | Warenkorb | Kasse Suche Literatur Produkte Ätherische/fette Öle Kosmetik Nahrungsergänzung/erg.bil. Diät Liefer- Versandkosten Datenschutz Unsere AGB Impressum Kontakt Widerrufsrecht Widerrufsformular Newsletter Biofrid Cosmetic GmbH &amp; Co.KG Hasseler Steinweg 9 27318 Hoya Postfach 1355 27316 Hoya Telefon 04251 9352-396 Telefax 04251 9352-290 Social Bookmarks [&lt;&lt;Erstes] [&lt;zurück] [weiter&gt;] [Letztes&gt;&gt;] 120 Artikel Kategorie Cajeputöl, kbA Inhalt: 10 ml Art.Nr.: 93102 PZN: 1927897 Preis: 6,90 EUR PAngV: 69,00 EUR pro 100 ml Gewicht: 0.05 Kg Ab 6,90 EUR incl. 19 % UST exkl. Versandkosten Lieferzeit: 3-7 Werktage* Herkunft: Vietnam Art Produkts: Ätherisches Öl kontrolliert biologischem Anbau (kbA) Beschreibung: Dieses Öl starke Kopfnote, erfrischend reinigend empfunden wird. Das frische klare Duftprofil Geltung Verwendung Wasserspiel. Hinweis: Unsere ätherischen fetten Öle kontrolliert biologischem Anbau (kbA) höchster Qualität. Es handelt flüchtige, hochkonzentrierte, ölige Substanzen, unterschiedlichen Herstellungsverfahren - Wasserdampfdestillation kalte Pressung - verschiedenen Pflanzenteilen gewonnen werden. Sie zumeist farblos hinterlassen Regel (außer Kaltpressung) sichtbaren Spuren, verflüchtigt haben. Diese ätherischen Öle 100% naturrein. Der Einsatz ätherischer Öle sparsam bewusst geschehen. Sie dienen Raumbeduftung Luftverbesserung. Sie dürfen unverdünnt Haut Schleimhäuten Kontakt gebracht werden, Reizungen führen können. In Schwangerschaft Kindern besondere Vorsicht geboten. Die angebotenen genuinen ätherischen Öle aufgrund Vielzahl einzigen Pflanze enthaltenen Duftstoffe umfassendes Bouquet. Darauf bezüglich Wahl Herkunftslandes Wert gelegt, Sortiment bewusst knapp gehalten. Aufgrund Lieferengpässen Ernteausfällen Ausnahmefällen Land gewechselt werden. Als Trägeröl bieten Jojobaöl an. Inhalt: Melaleuca cajeputi Blättern Kunden, Artikel kauften, folgende Artikel gekauft: Didier® Hautcreme Germanium Ab 19,90 EUR incl. 19 % UST exkl. Versandkosten Didier® Nachtkerzen-Vitamin E Lotion Ab 10,60 EUR incl. 19 % UST exkl. Versandkosten Arginin-diet Biofrid Ab 11,90 EUR incl. 7 % UST exkl. Versandkosten Zink-diet Biofrid Ab 9,00 EUR incl. 7 % UST exkl. Versandkosten Majoranöl, kbA Ab 6,90 EUR incl. 19 % UST exkl. Versandkosten Palmarosaöl, kbA Ab 5,90 EUR incl. 19 % UST exkl. Versandkosten Powered by First-Web * Gilt für Lieferungen Deutschland. Lieferzeiten für Länder Informationen Berechnung Liefertermins siehe </fragment> </item> <item> <fragment> Nelkenblütenöl, kbA - Biofrid-Cosmetic GmbH &amp; Co. KG Herstellung Vertrieb diätetischen, kosmetischen pharmazeutischen Produkten » Startseite Login / Registrierung | Ihre persönliche Seite | Warenkorb | Kasse Suche Literatur Produkte Ätherische/fette Öle Kosmetik Nahrungsergänzung/erg.bil. Diät Liefer- Versandkosten Datenschutz Unsere AGB Impressum Kontakt Widerrufsrecht Widerrufsformular Newsletter Biofrid Cosmetic GmbH &amp; Co.KG Hasseler Steinweg 9 27318 Hoya Postfach 1355 27316 Hoya Telefon 04251 9352-396 Telefax 04251 9352-290 Social Bookmarks [&lt;&lt;Erstes] [&lt;zurück] [weiter&gt;] [Letztes&gt;&gt;] 120 Artikel Kategorie Nelkenblütenöl, kbA Inhalt: 5 ml Art.Nr.: 93351 PZN: 6871983 Preis: 5,90 EUR PAngV: 118,00 EUR pro 100 ml Gewicht: 0.05 Kg Ab 5,90 EUR incl. 19 % UST exkl. Versandkosten Lieferzeit: 3-7 Werktage* Herkunft: Sri Lanka Art Produkts: Ätherisches Öl kontrolliert biologischem Anbau (kbA) Beschreibung: Das Blütenknospen Pflanze gewonnene ätherische Öl duftet würzig, scharf süßlich. Es erwärmenden Charakter, gleichzeitig anregend ist. Das spricht Gefühlsebene an, außerdem verbinden Duft Gewürzbäckereien. Hinweis: Unsere ätherischen fetten Öle kontrolliert biologischem Anbau (kbA) höchster Qualität. Es handelt flüchtige, hochkonzentrierte, ölige Substanzen, unterschiedlichen Herstellungsverfahren - Wasserdampfdestillation kalte Pressung - verschiedenen Pflanzenteilen gewonnen werden. Sie zumeist farblos hinterlassen Regel (außer Kaltpressung) sichtbaren Spuren, verflüchtigt haben. Diese ätherischen Öle 100% naturrein. Der Einsatz ätherischer Öle sparsam bewusst geschehen. Sie dienen Raumbeduftung Luftverbesserung. Sie dürfen unverdünnt Haut Schleimhäuten Kontakt gebracht werden, Reizungen führen können. In Schwangerschaft Kindern besondere Vorsicht geboten. Die angebotenen genuinen ätherischen Öle aufgrund Vielzahl einzigen Pflanze enthaltenen Duftstoffe umfassendes Bouquet. Darauf bezüglich Wahl Herkunftslandes Wert gelegt, Sortiment bewusst knapp gehalten. Aufgrund Lieferengpässen Ernteausfällen Ausnahmefällen Land gewechselt werden. Als Trägeröl bieten Jojobaöl an. Inhalt: Syzygium aromaticum Blüten Kunden, Artikel kauften, folgende Artikel gekauft: Bergamotteöl, kbA Ab 8,50 EUR incl. 19 % UST exkl. Versandkosten Thymianöl (linalol), kbA Ab 11,40 EUR incl. 19 % UST exkl. Versandkosten Palmarosaöl, kbA Ab 5,90 EUR incl. 19 % UST exkl. Versandkosten Rosengeranienöl, kbA Ab 7,70 EUR incl. 19 % UST exkl. Versandkosten Eukalyptusöl citriodora, kbA Ab 6,50 EUR incl. 19 % UST exkl. Versandkosten Pfefferminzöl, kbA Ab 9,70 EUR incl. 19 % UST exkl. Versandkosten Powered by First-Web * Gilt für Lieferungen Deutschland. Lieferzeiten für Länder Informationen Berechnung Liefertermins siehe </fragment> </item> <item> <fragment> Didier® Badeperlen Germanium - Biofrid-Cosmetic GmbH &amp; Co. KG Herstellung Vertrieb diätetischen, kosmetischen pharmazeutischen Produkten » Startseite Login / Registrierung | Ihre persönliche Seite | Warenkorb | Kasse Suche Literatur Produkte Ätherische/fette Öle Kosmetik Nahrungsergänzung/erg.bil. Diät Liefer- Versandkosten Datenschutz Unsere AGB Impressum Kontakt Widerrufsrecht Widerrufsformular Newsletter Biofrid Cosmetic GmbH &amp; Co.KG Hasseler Steinweg 9 27318 Hoya Postfach 1355 27316 Hoya Telefon 04251 9352-396 Telefax 04251 9352-290 Social Bookmarks [&lt;&lt;Erstes] [&lt;zurück] [weiter&gt;] [Letztes&gt;&gt;] 48 Artikel Kategorie Didier® Badeperlen Germanium Inhalt: 15 Perlen Art.Nr.: 27535015 PZN: 3919011 Preis: 19,90 EUR PAngV: 1,33 EUR pro Stück Gewicht: 0.33 Kg Ab 19,90 EUR incl. 19 % UST exkl. Versandkosten Lieferzeit: 3-7 Werktage* Art Produkts: Badeperlen Beschreibung: Entspannung Pflege einem. Didier® Badeperlen Germanium für Hauttyp verträglich. Didier® Badeperlen Germanium ausgewählten Inhaltsstoffen hochwertige Pflege für Ihre Haut, wohltuende Art nachhaltig angeregt belebt. Sanumgerman gehört wichtigsten Bestandteilen ausgewogenen pflegenden Komposition, erstmalig Firmengruppe patentiert wurde. Die wohltuenden Inhaltsstoffe Didier® Badeperlen Germanium verteilen Auflösen Kapseln angenehm Hautfläche. Das Zusammenspiel wohlig warmen Bades Didier® Badeperlen Germanium führt entspannenden nachhaltig hautpflegenden Wirkung. Germanium Badeperlen wahre "Perlen", die, regelmäßig angewendet, beitragen, Spannkraft Frische wiederzugewinnen bewahren. Anwendung: 1x wöchentlich Vollbad 1–2 Didier® Badeperlen Hinweis: Zur Steigerung pflegenden Wirkung empfehlen zusätzlich Verwendung Didier® Hautcreme Germanium . Inhalt: Schmuckglas 15 Badeperlen Inhaltsstoffe: Isopropyl Myristate, Gelatin, Parfum, Silica, Glycerin, Germanium-Citrate-Lactate Powder, Linalool, Limonene, Hexyl Cinnamal, Citronellol, Cinnamyl Alcohol, Eugenol, Alpha-Isomethyl Ionone, Hydroxyisohexyl 3-Cyclohexene Carboxaldehyde, Ethylparaben, Propylparaben, Denatonium Benzoate, CI 77492 Kunden, Artikel kauften, folgende Artikel gekauft: Ringelblumen Creme Biofrid Ab 6,90 EUR incl. 19 % UST exkl. Versandkosten Didier® Nachtkerzen-Vitamin E Lotion Ab 10,60 EUR incl. 19 % UST exkl. Versandkosten Arnica Creme Biofrid Ab 6,90 EUR incl. 19 % UST exkl. Versandkosten Didier® Nachtkerzen-Vitamin E-Creme Ab 7,50 EUR incl. 19 % UST exkl. Versandkosten Zitronenöl, kbA Ab 6,50 EUR incl. 19 % UST exkl. Versandkosten Mandarinenöl (rot) kbA Ab 7,70 EUR incl. 19 % UST exkl. Versandkosten Powered by First-Web * Gilt für Lieferungen Deutschland. Lieferzeiten für Länder Informationen Berechnung Liefertermins siehe </fragment> </item> <item> <fragment> Cajeputöl, kbA - Biofrid-Cosmetic GmbH &amp; Co. KG Herstellung Vertrieb diätetischen, kosmetischen pharmazeutischen Produkten » Startseite Login / Registrierung | Ihre persönliche Seite | Warenkorb | Kasse Suche Literatur Produkte Ätherische/fette Öle Kosmetik Nahrungsergänzung/erg.bil. Diät Liefer- Versandkosten Datenschutz Unsere AGB Impressum Kontakt Widerrufsrecht Widerrufsformular Newsletter Biofrid Cosmetic GmbH &amp; Co.KG Hasseler Steinweg 9 27318 Hoya Postfach 1355 27316 Hoya Telefon 04251 9352-396 Telefax 04251 9352-290 Social Bookmarks [&lt;&lt;Erstes] [&lt;zurück] [weiter&gt;] [Letztes&gt;&gt;] 120 Artikel Kategorie Cajeputöl, kbA Inhalt: 10 ml Art.Nr.: 93102 PZN: 1927897 Preis: 6,90 EUR PAngV: 69,00 EUR pro 100 ml Gewicht: 0.05 Kg Ab 6,90 EUR incl. 19 % UST exkl. Versandkosten Lieferzeit: 3-7 Werktage* Herkunft: Vietnam Art Produkts: Ätherisches Öl kontrolliert biologischem Anbau (kbA) Beschreibung: Dieses Öl starke Kopfnote, erfrischend reinigend empfunden wird. Das frische klare Duftprofil Geltung Verwendung Wasserspiel. Hinweis: Unsere ätherischen fetten Öle kontrolliert biologischem Anbau (kbA) höchster Qualität. Es handelt flüchtige, hochkonzentrierte, ölige Substanzen, unterschiedlichen Herstellungsverfahren - Wasserdampfdestillation kalte Pressung - verschiedenen Pflanzenteilen gewonnen werden. Sie zumeist farblos hinterlassen Regel (außer Kaltpressung) sichtbaren Spuren, verflüchtigt haben. Diese ätherischen Öle 100% naturrein. Der Einsatz ätherischer Öle sparsam bewusst geschehen. Sie dienen Raumbeduftung Luftverbesserung. Sie dürfen unverdünnt Haut Schleimhäuten Kontakt gebracht werden, Reizungen führen können. In Schwangerschaft Kindern besondere Vorsicht geboten. Die angebotenen genuinen ätherischen Öle aufgrund Vielzahl einzigen Pflanze enthaltenen Duftstoffe umfassendes Bouquet. Darauf bezüglich Wahl Herkunftslandes Wert gelegt, Sortiment bewusst knapp gehalten. Aufgrund Lieferengpässen Ernteausfällen Ausnahmefällen Land gewechselt werden. Als Trägeröl bieten Jojobaöl an. Inhalt: Melaleuca cajeputi Blättern Kunden, Artikel kauften, folgende Artikel gekauft: Didier® Hautcreme Germanium Ab 19,90 EUR incl. 19 % UST exkl. Versandkosten Didier® Nachtkerzen-Vitamin E Lotion Ab 10,60 EUR incl. 19 % UST exkl. Versandkosten Arginin-diet Biofrid Ab 11,90 EUR incl. 7 % UST exkl. Versandkosten Zink-diet Biofrid Ab 9,00 EUR incl. 7 % UST exkl. Versandkosten Majoranöl, kbA Ab 6,90 EUR incl. 19 % UST exkl. Versandkosten Palmarosaöl, kbA Ab 5,90 EUR incl. 19 % UST exkl. Versandkosten Powered by First-Web * Gilt für Lieferungen Deutschland. Lieferzeiten für Länder Informationen Berechnung Liefertermins siehe </fragment> </item> <item> <fragment> Arnica Creme Biofrid - Biofrid-Cosmetic GmbH &amp; Co. KG Herstellung Vertrieb diätetischen, kosmetischen pharmazeutischen Produkten » Startseite Login / Registrierung | Ihre persönliche Seite | Warenkorb | Kasse Suche Literatur Produkte Ätherische/fette Öle Kosmetik Nahrungsergänzung/erg.bil. Diät Liefer- Versandkosten Datenschutz Unsere AGB Impressum Kontakt Widerrufsrecht Widerrufsformular Newsletter Biofrid Cosmetic GmbH &amp; Co.KG Hasseler Steinweg 9 27318 Hoya Postfach 1355 27316 Hoya Telefon 04251 9352-396 Telefax 04251 9352-290 Social Bookmarks [&lt;&lt;Erstes] [&lt;zurück] [weiter&gt;] [Letztes&gt;&gt;] 48 Artikel Kategorie Arnica Creme Biofrid 100 ml bisheriges Design Inhalt: 100 ml Art.Nr.: 23520100 PZN: 4255932 Preis: 6,90 EUR PAngV: 6,90 EUR pro 100 ml Gewicht: 0.14 Kg Ab 6,90 EUR incl. 19 % UST exkl. Versandkosten Lieferzeit: 3-7 Werktage* Art Produkts: Creme Beschreibung: Optimaler Schutz für empfindliche Haut natürlichem UV-Filter Arnica montana Jahrhunderten erfolgreich eingesetzt. Überragende pflegende Eigenschaften, Hautirritationen, bedingen hohen Stellenwert Heilpflanze Kosmetik. Arnica Creme Biofrid enthält Arnica montana wertvolle Zusätze Kamille, Hamamelis, Beta-Carotin Bienenwachs ausgewogener Kombination. Sie vielseitigen Haut- Körperpflege empfohlen Bedürfnisse rauer, empfindlicher Haut abgestimmt. Inhaltsstoffe: Water (aqua), Isopropyl Palmitate, Polyglyceryl-2 Sesquiisostearate, Mineral Oil (paraffinum liquidum), Microcrystalline Wax (cera micorocristallina), Paraffin, Magnesium Stearate, Beeswax (cera alba), Aluminum Stearate, Polyethylene, Soybean (glycine soja) oily extract, Arnica Montana extract, PEG-7 Hydrogenated Castor Oil, Glycerin, Beeswax (cera flava), Propylene Glycol, Witch Hazel (hamamelis virginiana), Alcohol denat., Magnesium Sulfate, Beta Carotene, Bisabolol 100, Fragrance (parfum), Benzyl Alcohol, Methylchloroisothiazolinone, Methylisothiazolinone, Allantoin Kunden, Artikel kauften, folgende Artikel gekauft: Didier® Badeperlen Germanium Ab 19,90 EUR incl. 19 % UST exkl. Versandkosten Didier® Hautcreme Germanium Ab 19,90 EUR incl. 19 % UST exkl. Versandkosten Fischöl Kapseln Biofrid Ab 10,70 EUR incl. 7 % UST exkl. Versandkosten Arginin-diet Biofrid Ab 11,90 EUR incl. 7 % UST exkl. Versandkosten Nachtkerzenöl Kapseln Ab 10,20 EUR incl. 7 % UST exkl. Versandkosten EPALIPID® Ab 17,50 EUR incl. 7 % UST exkl. Versandkosten Powered by First-Web * Gilt für Lieferungen Deutschland. Lieferzeiten für Länder Informationen Berechnung Liefertermins siehe </fragment> </item> <item> <fragment> Cosmetics - Biofrid-Cosmetic GmbH &amp; Co. KG Herstellung Vertrieb diätetischen, kosmetischen pharmazeutischen Produkten » Home Login / Register | Your account | Shopping Cart | Cash box Search Literature Products Cosmetics Dietary Supplement Essential/fatty oils Shipping &amp; Returns Privacy Notice General terms and conditions Imprint Contact Right of revocation Standard withdrawal form Newsletter Biofrid Cosmetic GmbH &amp; Co.KG Hasseler Steinweg 9 27318 Hoya Postfach 1355 27316 Hoya Telefon 04251 9352-396 Telefax 04251 9352-290 Social Bookmarks Cosmetics Arnica Cream Biofrid Details from 6,90 EUR incl. 19 % Tax excl. Shipping costs Shipping time:3-7 working days* Calendula Cream Biofrid Details from 6,90 EUR incl. 19 % Tax excl. Shipping costs Shipping time:3-7 working days* Didier® Bath Pearls with Germanium Details from 19,90 EUR incl. 19 % Tax excl. Shipping costs Shipping time:3-7 working days* Didier® Bath Pearls with Germanium (bag) Details from 191,60 EUR incl. 19 % Tax excl. Shipping costs Shipping time:3-7 working days* Didier® Evening Primrose Vitamin E Creme Details from 7,50 EUR incl. 19 % Tax excl. Shipping costs Shipping time:3-7 working days* Didier® Evening Primrose Vitamin E Lotion Details from 10,60 EUR incl. 19 % Tax excl. Shipping costs Shipping time:3-7 working days* Didier® Skin Moisturising Cream with Germanium Details With improved formula on the basis of resources from controlled biological cultivation from 19,90 EUR incl. 19 % Tax excl. Shipping costs Shipping time:3-7 working days* Propolis Cream Biofrid Details from 6,90 EUR incl. 19 % Tax excl. Shipping costs Shipping time:3-7 working days* Show 1 to 8 (of total 8 products) Sites: 1 Powered by First-Web * Gilt für Lieferungen Deutschland. Lieferzeiten für Länder Informationen Berechnung Liefertermins siehe </fragment> </item> <item> <fragment> Bergamotteöl, kbA - Biofrid-Cosmetic GmbH &amp; Co. KG Herstellung Vertrieb diätetischen, kosmetischen pharmazeutischen Produkten » Startseite Login / Registrierung | Ihre persönliche Seite | Warenkorb | Kasse Suche Literatur Produkte Ätherische/fette Öle Kosmetik Nahrungsergänzung/erg.bil. Diät Liefer- Versandkosten Datenschutz Unsere AGB Impressum Kontakt Widerrufsrecht Widerrufsformular Newsletter Biofrid Cosmetic GmbH &amp; Co.KG Hasseler Steinweg 9 27318 Hoya Postfach 1355 27316 Hoya Telefon 04251 9352-396 Telefax 04251 9352-290 Social Bookmarks [&lt;&lt;Erstes] [&lt;zurück] 120 Artikel Kategorie Bergamotteöl, kbA Inhalt: 10 ml Art.Nr.: 93052 PZN: 6871859 Preis: 8,50 EUR PAngV: 85,00 EUR pro 100 ml Gewicht: 0.05 Kg Ab 8,50 EUR incl. 19 % UST exkl. Versandkosten Lieferzeit: 3-7 Werktage* Herkunft: Italien Art Produkts: Ätherisches Öl kontrolliert biologischem Anbau (kbA) Beschreibung: Das ätherische Öl Kaltpressung Fruchtschale gewonnen erfrischenden, leichten, angenehm stimulierenden Effekt. Es hervorragend geeignet, Stimmung heben. Hinweis: Unsere ätherischen fetten Öle kontrolliert biologischem Anbau (kbA) höchster Qualität. Es handelt flüchtige, hochkonzentrierte, ölige Substanzen, unterschiedlichen Herstellungsverfahren - Wasserdampfdestillation kalte Pressung - verschiedenen Pflanzenteilen gewonnen werden. Sie zumeist farblos hinterlassen Regel (außer Kaltpressung) sichtbaren Spuren, verflüchtigt haben. Diese ätherischen Öle 100% naturrein. Der Einsatz ätherischer Öle sparsam bewusst geschehen. Sie dienen Raumbeduftung Luftverbesserung. Sie dürfen unverdünnt Haut Schleimhäuten Kontakt gebracht werden, Reizungen führen können. In Schwangerschaft Kindern besondere Vorsicht geboten. Die angebotenen genuinen ätherischen Öle aufgrund Vielzahl einzigen Pflanze enthaltenen Duftstoffe umfassendes Bouquet. Darauf bezüglich Wahl Herkunftslandes Wert gelegt, Sortiment bewusst knapp gehalten. Aufgrund Lieferengpässen Ernteausfällen Ausnahmefällen Land gewechselt werden. Als Trägeröl bieten Jojobaöl an. Inhalt: Citrus bergamia Fruchtschalen Kunden, Artikel kauften, folgende Artikel gekauft: Nelkenblütenöl, kbA Ab 5,90 EUR incl. 19 % UST exkl. Versandkosten Zimtblätteröl, kbA Ab 4,00 EUR incl. 19 % UST exkl. Versandkosten Majoranöl, kbA Ab 6,90 EUR incl. 19 % UST exkl. Versandkosten Palmarosaöl, kbA Ab 5,90 EUR incl. 19 % UST exkl. Versandkosten Rosengeranienöl, kbA Ab 7,70 EUR incl. 19 % UST exkl. Versandkosten Jojobaöl, kbA Ab 6,90 EUR incl. 19 % UST exkl. Versandkosten Powered by First-Web * Gilt für Lieferungen Deutschland. Lieferzeiten für Länder Informationen Berechnung Liefertermins siehe </fragment> </item> <item> <fragment> Kosmetik - Biofrid-Cosmetic GmbH &amp; Co. KG Herstellung Vertrieb diätetischen, kosmetischen pharmazeutischen Produkten » Startseite Login / Registrierung | Ihre persönliche Seite | Warenkorb | Kasse Suche Literatur Produkte Ätherische/fette Öle Kosmetik Nahrungsergänzung/erg.bil. Diät Liefer- Versandkosten Datenschutz Unsere AGB Impressum Kontakt Widerrufsrecht Widerrufsformular Newsletter Biofrid Cosmetic GmbH &amp; Co.KG Hasseler Steinweg 9 27318 Hoya Postfach 1355 27316 Hoya Telefon 04251 9352-396 Telefax 04251 9352-290 Social Bookmarks Kosmetik Arnica Creme Biofrid Details Ab 6,90 EUR incl. 19 % UST exkl. Versandkosten Lieferzeit:3-7 Werktage* Didier® Badeperlen Germanium Details Ab 19,90 EUR incl. 19 % UST exkl. Versandkosten Lieferzeit:3-7 Werktage* Didier® Badeperlen Germanium (Beutel) Details Ab 191,60 EUR incl. 19 % UST exkl. Versandkosten Lieferzeit:3-7 Werktage* Didier® Hautcreme Germanium Details Mit verbesserter Rezeptur Basis Rohstoffen kontrolliert biologischem Anbau Ab 19,90 EUR incl. 19 % UST exkl. Versandkosten Lieferzeit:3-7 Werktage* Didier® Nachtkerzen-Vitamin E Lotion Details Ab 10,60 EUR incl. 19 % UST exkl. Versandkosten Lieferzeit:3-7 Werktage* Didier® Nachtkerzen-Vitamin E-Creme Details Ab 7,50 EUR incl. 19 % UST exkl. Versandkosten Lieferzeit:3-7 Werktage* Propolis Creme Biofrid Details Ab 6,90 EUR incl. 19 % UST exkl. Versandkosten Lieferzeit:3-7 Werktage* Ringelblumen Creme Biofrid Details Ab 6,90 EUR incl. 19 % UST exkl. Versandkosten Lieferzeit:3-7 Werktage* Zeige 1 8 (von insgesamt 8 Artikeln) Seiten: 1 Powered by First-Web * Gilt für Lieferungen Deutschland. Lieferzeiten für Länder Informationen Berechnung Liefertermins siehe </fragment> </item> <item> <fragment> Zink-diet Biofrid - Biofrid-Cosmetic GmbH &amp; Co. KG Herstellung Vertrieb diätetischen, kosmetischen pharmazeutischen Produkten » Startseite Login / Registrierung | Ihre persönliche Seite | Warenkorb | Kasse Suche Literatur Produkte Ätherische/fette Öle Kosmetik Nahrungsergänzung/erg.bil. Diät Liefer- Versandkosten Datenschutz Unsere AGB Impressum Kontakt Widerrufsrecht Widerrufsformular Newsletter Biofrid Cosmetic GmbH &amp; Co.KG Hasseler Steinweg 9 27318 Hoya Postfach 1355 27316 Hoya Telefon 04251 9352-396 Telefax 04251 9352-290 Social Bookmarks [&lt;&lt;Erstes] [&lt;zurück] [weiter&gt;] [Letztes&gt;&gt;] 54 Artikel Kategorie Zink-diet Biofrid 100er 40er Inhalt: 40 Kapseln Art.Nr.: 94802 PZN: 09192610 Preis: 9,00 EUR PAngV: 76,27 EUR pro 100 Gramm Gewicht: 0.04 Kg 100 Kapseln Art.Nr.: 94807 PZN: 09192627 Preis: 15,50 EUR PAngV: 52,54 EUR pro 100 Gramm Gewicht: 0.07 Kg Ab 9,00 EUR incl. 7 % UST exkl. Versandkosten Lieferzeit: 3-7 Werktage* Diätetisches Lebensmittel für besondere medizinische Zwecke (bilanzierte Diät) Zutaten: Füllstoff Cellulose, Überzugsmittel Hydroxypropylmethylcellulose, Zinkgluconat, Trennmittel Magnesiumsalze Speisefettsäuren Füllmenge: 11,8 (40 Kapseln) entsprechen 20 Tagesdosen á 2 Kapseln 29,5 (100 Kapseln) entsprechen 50 Tagesdosen á 2 Kapseln Verzehrempfehlung: 2 mal täglich 1 Kapsel Mahlzeit verzehren Zweckbestimmung Zur diätetischen Behandlung entzündlichen allergischen Hauterkrankungen (z.B. Neurodermitis) Haarausfall (z.B. Alopecia areata) Zufuhr Zink. Hinweis Zink für normale Entwicklung Funktion Haut Hautanhangsgebilde zentraler Bedeutung. Das Spurenelement Zink Bestandteil zahlreicher lebensnotwendiger Enzyme für Funktion Hormone benötigt. Zink Körper hergestellt gespeichert werden. Es über gesunde ausgewogene Ernährung zugeführt werden. Ein Mangel Zink Störungen Hautstoffwechsels Bildung Haaren Nägeln führen. Im Körper wirkt Zink Antioxidans schützt freien Radikalen. In Zinkgluconat Zink organisch gebunden Körper aufgenommen werden. Zink-diet für Erwachsene bestimmt ergänzende bilanzierte Diät ärztlicher Aufsicht verwendet werden. Da Erfahrungen Schwangeren stillenden Frauen vorliegen, Personengruppe Verzehr Zink-diet abzuraten. Zink-diet schweren Schäden Nierenparenchyms akutem Nierenversagen anzuwenden. Dieses diätetische Lebensmittel Ersatz für abwechslungsreiche ausgewogene Ernährung gesunde Lebensweise. Die angegebene Tagesdosis überschreiten. Für Kinder unzugänglich aufbewahren. Nährstofftabelle: Nährstoff pro (100 g) pro Portion (1 Kapseln) pro Tag (2 Kapseln) Zink 2,5 7,5 mg 15,0 mg Nährwerttabelle Brennwert 24,8 kJ/ 6,0 kcal 0,1 kJ/ Fett 0,7 * gesättigte Fettsäuren 0,7 Kohlenhydrate 0 0 0 * Zucker 0 0 0 Eiweiß 0 0 0 Salz 0 0 0 Allergene enthalten Hersteller: Sanum-Kehlbeck GmbH &amp; Co. KG, Hasseler Steinweg 9, 27318 Hoya Kunden, Artikel kauften, folgende Artikel gekauft: Nachtkerzenöl Kapseln Ab 10,20 EUR incl. 7 % UST exkl. Versandkosten Didier® Nachtkerzen-Vitamin E-Creme Ab 7,50 EUR incl. 19 % UST exkl. Versandkosten Didier® Nachtkerzen-Vitamin E Lotion Ab 10,60 EUR incl. 19 % UST exkl. Versandkosten Didier® Hautcreme Germanium Ab 19,90 EUR incl. 19 % UST exkl. Versandkosten Palmarosaöl, kbA Ab 5,90 EUR incl. 19 % UST exkl. Versandkosten Cajeputöl, kbA Ab 6,90 EUR incl. 19 % UST exkl. Versandkosten Powered by First-Web * Gilt für Lieferungen Deutschland. Lieferzeiten für Länder Informationen Berechnung Liefertermins siehe </fragment> </item> <item> <fragment> Lorbeerblätteröl, kbA - Biofrid-Cosmetic GmbH &amp; Co. KG Herstellung Vertrieb diätetischen, kosmetischen pharmazeutischen Produkten » Startseite Login / Registrierung | Ihre persönliche Seite | Warenkorb | Kasse Suche Literatur Produkte Ätherische/fette Öle Kosmetik Nahrungsergänzung/erg.bil. Diät Liefer- Versandkosten Datenschutz Unsere AGB Impressum Kontakt Widerrufsrecht Widerrufsformular Newsletter Biofrid Cosmetic GmbH &amp; Co.KG Hasseler Steinweg 9 27318 Hoya Postfach 1355 27316 Hoya Telefon 04251 9352-396 Telefax 04251 9352-290 Social Bookmarks [&lt;&lt;Erstes] [&lt;zurück] [weiter&gt;] [Letztes&gt;&gt;] 120 Artikel Kategorie Lorbeerblätteröl, kbA Inhalt: 5 ml Art.Nr.: 93251 PZN: 1927845 Preis: 10,50 EUR PAngV: 210,00 EUR pro 100 ml Gewicht: 0.05 Kg Ab 10,50 EUR incl. 19 % UST exkl. Versandkosten Lieferzeit: 3-7 Werktage* Herkunft: Bosnien-Herzegowina Art Produkts: Ätherisches Öl kontrolliert biologischem Anbau (kbA) Beschreibung: Nicht Grund Antike Helden Lorbeerkranz geschmückt,. Pflanze umfassendes Duftbouquet aufgrund enthaltenen vielfältigen Substanzen. Sie Duftqualitäten, erfassen können, wobei Kopf- Herznote überwiegen. Der Duft erscheint klärend, anregend kraftvoll. Hinweis: Unsere ätherischen fetten Öle kontrolliert biologischem Anbau (kbA) höchster Qualität. Es handelt flüchtige, hochkonzentrierte, ölige Substanzen, unterschiedlichen Herstellungsverfahren - Wasserdampfdestillation kalte Pressung - verschiedenen Pflanzenteilen gewonnen werden. Sie zumeist farblos hinterlassen Regel (außer Kaltpressung) sichtbaren Spuren, verflüchtigt haben. Diese ätherischen Öle 100% naturrein. Der Einsatz ätherischer Öle sparsam bewusst geschehen. Sie dienen Raumbeduftung Luftverbesserung. Sie dürfen unverdünnt Haut Schleimhäuten Kontakt gebracht werden, Reizungen führen können. In Schwangerschaft Kindern besondere Vorsicht geboten. Die angebotenen genuinen ätherischen Öle aufgrund Vielzahl einzigen Pflanze enthaltenen Duftstoffe umfassendes Bouquet. Darauf bezüglich Wahl Herkunftslandes Wert gelegt, Sortiment bewusst knapp gehalten. Aufgrund Lieferengpässen Ernteausfällen Ausnahmefällen Land gewechselt werden. Als Trägeröl bieten Jojobaöl an. Inhalt: Laurus nobilis L. Blättern Kunden, Artikel kauften, folgende Artikel gekauft: Palmarosaöl, kbA Ab 5,90 EUR incl. 19 % UST exkl. Versandkosten Niaouliöl, kbA Ab 7,00 EUR incl. 19 % UST exkl. Versandkosten Teebaumöl, kbA Ab 6,90 EUR incl. 19 % UST exkl. Versandkosten Bergamotteöl, kbA Ab 8,50 EUR incl. 19 % UST exkl. Versandkosten Cajeputöl, kbA Ab 6,90 EUR incl. 19 % UST exkl. Versandkosten Rosengeranienöl, kbA Ab 7,70 EUR incl. 19 % UST exkl. Versandkosten Powered by First-Web * Gilt für Lieferungen Deutschland. Lieferzeiten für Länder Informationen Berechnung Liefertermins siehe </fragment> </item> <item> <fragment> Selen-Biofrid - Biofrid-Cosmetic GmbH &amp; Co. KG Herstellung Vertrieb diätetischen, kosmetischen pharmazeutischen Produkten » Startseite Login / Registrierung | Ihre persönliche Seite | Warenkorb | Kasse Suche Literatur Produkte Ätherische/fette Öle Kosmetik Nahrungsergänzung/erg.bil. Diät Liefer- Versandkosten Datenschutz Unsere AGB Impressum Kontakt Widerrufsrecht Widerrufsformular Newsletter Biofrid Cosmetic GmbH &amp; Co.KG Hasseler Steinweg 9 27318 Hoya Postfach 1355 27316 Hoya Telefon 04251 9352-396 Telefax 04251 9352-290 Social Bookmarks [&lt;&lt;Erstes] [&lt;zurück] [weiter&gt;] [Letztes&gt;&gt;] 54 Artikel Kategorie Selen-Biofrid 100er 20er Inhalt: 20 Kapseln Art.Nr.: 96601 PZN: 4240988 Preis: 5,50 EUR PAngV: 67,90 EUR pro 100 Gramm Gewicht: 0.03 Kg 100 Kapseln Art.Nr.: 96607 PZN: 4241522 Preis: 15,90 EUR PAngV: 39,36 EUR pro 100 Gramm Gewicht: 0.08 Kg Ab 5,50 EUR incl. 7 % UST exkl. Versandkosten Lieferzeit: 3-7 Werktage* Nahrungsergänzungsmittel L-Selenomethionin Zutaten: Füllstoff Cellulose, Überzugsmittel Hydroxypropylmethylcellulose, Füllstoff Monocalciumphosphat, Trennmittel Magnesiumsalze Speisefettsäuren, L-Selenomethionin. Füllmenge: 8,1 (20 Kapseln) 40,4 (100 Kapseln) Verzehrempfehlung: täglich 1 Kapsel Mahlzeit verzehren Health Claim(s) Unterstützung Zellschutzes funktionsfähigen Immunsystems Verwertung Jod Produktion Schilddrüsenhormonen. Hinweis Selen zählt essentiellen Spurenelementen. Das Gruppe Chalkogene (Erzbildner) zählende Element findet Pflanzen vorzugsweise Form L-Selenomethionin. Im Körper Menschen 20 Milligramm Selen vorhanden. Die Hauptmenge Muskeln lokalisiert. Die höchsten Konzentrationen treten Leber, Niere Milz auf. Selen schützt Körperzellen oxidativen Schädigungen. Selen hilft freie Radikale abzufangen unterstützt Funktion Immunsystems. Der Körper braucht Selen für Verwertung Jod Produktion Schilddrüsenhormonen. Die angegebene empfohlene tägliche Verzehrmenge überschritten werden. Nahrungsergänzungsmittel Ersatz für ausgewogene abwechslungsreiche Ernährung gesunde Lebensweise verwendet werden. Bitte außerhalb Reichweite Kindern lagern. Nährstofftabelle: Nährstoff pro 100 pro Tag (1 Kapsel) % NRV *) Selen 7 mg 30 μg 55% *) Referenzmenge gemäß Lebensmittelinformationsverordnung Nährwerttabelle Brennwert 5,8 kJ/ 1,4 kcal 0 kJ/ 0 kcal Fett 0,2 0 * gesättigte Fettsäuren 0,2 0 Kohlenhydrate 0 0 * Zucker 0 0 Eiweiß 0 0 Salz 0 0 Allergene enthalten Hersteller: Sanum-Kehlbeck GmbH &amp; Co. KG, Hasseler Steinweg 9, 27318 Hoya Kunden, Artikel kauften, folgende Artikel gekauft: Nachtkerzenöl Kapseln Ab 10,20 EUR incl. 7 % UST exkl. Versandkosten Didier® Nachtkerzen-Vitamin E Lotion Ab 10,60 EUR incl. 19 % UST exkl. Versandkosten Didier® Hautcreme Germanium Ab 19,90 EUR incl. 19 % UST exkl. Versandkosten Fischöl Kapseln Biofrid Ab 10,70 EUR incl. 7 % UST exkl. Versandkosten Lavendelöl, kbA Ab 8,50 EUR incl. 19 % UST exkl. Versandkosten EPALIPID® Ab 17,50 EUR incl. 7 % UST exkl. Versandkosten Powered by First-Web * Gilt für Lieferungen Deutschland. Lieferzeiten für Länder Informationen Berechnung Liefertermins siehe </fragment> </item> <item> <fragment> rechtsdrehende Milchsäure RMS Biofrid - Biofrid-Cosmetic GmbH &amp; Co. KG Herstellung Vertrieb diätetischen, kosmetischen pharmazeutischen Produkten » Startseite Login / Registrierung | Ihre persönliche Seite | Warenkorb | Kasse Suche Literatur Produkte Ätherische/fette Öle Kosmetik Nahrungsergänzung/erg.bil. Diät Liefer- Versandkosten Datenschutz Unsere AGB Impressum Kontakt Widerrufsrecht Widerrufsformular Newsletter Biofrid Cosmetic GmbH &amp; Co.KG Hasseler Steinweg 9 27318 Hoya Postfach 1355 27316 Hoya Telefon 04251 9352-396 Telefax 04251 9352-290 Social Bookmarks [&lt;&lt;Erstes] [&lt;zurück] [weiter&gt;] [Letztes&gt;&gt;] 54 Artikel Kategorie RMS Biofrid Inhalt: 100 ml Art.Nr.: 96707 PZN: 10132470 Preis: 18,00 EUR PAngV: 180,00 EUR pro Liter Gewicht: 0.24 Kg Ab 18,00 EUR incl. 7 % UST exkl. Versandkosten Lieferzeit: 3-7 Werktage* Nahrungsergänzungsmittel Zutaten: Wasser, Milchsäure (25 %). Füllmenge: 100 ml (entsprechen 135 Tagesdosen á 20 Tropfen bzw. 45 Tagesdosen á 60 Tropfen) Verzehrempfehlung: 1-3 mal täglich 20 Tropfen verdünnt Wasser Tee einnehmen. Hinweis Die angegebene empfohlene tägliche Verzehrmenge überschritten werden. Nahrungsergänzungsmittel Ersatz für ausgewogene abwechslungsreiche Ernährung gesunde Lebensweise verwendet werden. Bitte außerhalb Reichweite Kindern lagern. Nicht unverdünnt einnehmen. Nährstofftabelle: Nährstoff pro 100 ml pro 20 Tropfen pro 3 20 (= 60) Tropfen L(+)-Milchsäure 25 185 mg 555 mg *) *) Referenzmenge gemäß Lebensmittelinformationsverordnung Nährwerttabelle Brennwert 325 kJ/ 2,4 kJ/ 7,2 kJ/ 75 kcal 0,6 kcal 1,7 kcal Fett 0 0 0 * gesättigte Fettsäuren 0 0 0 Kohlenhydrate 0 0 0 * Zucker 0 0 0 Eiweiß 0 0 0 Salz 0 0 0 Allergene enthalten Hersteller: Sanum-Kehlbeck GmbH &amp; Co. KG, Hasseler Steinweg 9, 27318 Hoya Kunden, Artikel kauften, folgende Artikel gekauft: Teebaumöl, kbA Ab 6,90 EUR incl. 19 % UST exkl. Versandkosten Jojobaöl, kbA Ab 6,90 EUR incl. 19 % UST exkl. Versandkosten Didier® Nachtkerzen-Vitamin E Lotion Ab 10,60 EUR incl. 19 % UST exkl. Versandkosten Nachtkerzenöl Kapseln Ab 10,20 EUR incl. 7 % UST exkl. Versandkosten Zedernöl, kbA Ab 8,50 EUR incl. 19 % UST exkl. Versandkosten Didier® Badeperlen Germanium Ab 19,90 EUR incl. 19 % UST exkl. Versandkosten Powered by First-Web * Gilt für Lieferungen Deutschland. Lieferzeiten für Länder Informationen Berechnung Liefertermins siehe </fragment> </item> <item> <fragment> Probikehl - Biofrid-Cosmetic GmbH &amp; Co. KG Herstellung Vertrieb diätetischen, kosmetischen pharmazeutischen Produkten » Startseite Login / Registrierung | Ihre persönliche Seite | Warenkorb | Kasse Suche Literatur Produkte Ätherische/fette Öle Kosmetik Nahrungsergänzung/erg.bil. Diät Liefer- Versandkosten Datenschutz Unsere AGB Impressum Kontakt Widerrufsrecht Widerrufsformular Newsletter Biofrid Cosmetic GmbH &amp; Co.KG Hasseler Steinweg 9 27318 Hoya Postfach 1355 27316 Hoya Telefon 04251 9352-396 Telefax 04251 9352-290 Social Bookmarks [&lt;&lt;Erstes] [&lt;zurück] [weiter&gt;] [Letztes&gt;&gt;] 54 Artikel Kategorie Probikehl Inhalt: 20 Kapseln Art.Nr.: 72811020 PZN: 11160758 Preis: 10,90 EUR PAngV: 0,55 EUR pro Stück Gewicht: 0.02 Kg 40 Kapseln Art.Nr.: 72811040 PZN: 11160764 Preis: 19,90 EUR PAngV: 0,50 EUR pro Stück Gewicht: 0.032 Kg Ab 10,90 EUR incl. 7 % UST exkl. Versandkosten Lieferzeit: 3-7 Werktage* Hersteller: SANUM-Kehlbeck GmbH &amp; Co. KG Bezeichnung: Nahrungsergänzungsmittel Probiotika-Stämmen Präbiotika Inulin Fructo-Oligosacchariden Zutaten: Maisstärke, Überzugsmittel: Hydroxypropylmethylcellulose (Kapselhülle), Maltodextrin, Inulin, Kaliumchlorid, Magnesiumsulfat, Fructo-Oligosaccharide, Amylase, Lactobacillus acidophilus W22, Lactobacillus paracasei W20, Lactococcus lactis W19, Bifidobacterium lactis W52, Bifidobacterium lactis W51, Lactobacillus salivarius W24, Lactobacillus plantarum W21, Vanillepulver, Mangansulfat Füllmenge: 5,5 (20 Kapseln) 11,0 (40 Kapseln) Verzehrempfehlung: 2 mal täglich 2 Kapseln Mahlzeit weiterer Text Faltschachtel PROBIKEHL® enthält synergetische Kombination Probiotika Präbiotika: Lactobacillus plantarum W21, Lactobacillus acidophilus W22, Lactobacillus paracasei W20, Lactobacillus salivarius W24, Lactococcus lactis W19, Bifidobacterium lactis W51, Bifidobacterium lactis W52, Inulin Fructo-Oligosaccharide. Stressfaktoren, unausgewogene Ernährung, Infektionen Medikamenteneinnahme können Darmflora Gleichgewicht bringen. Probiotische Kulturen dafür Herstellung intakten Darmflora unterstützen. Wichtiger Hinweis: Die Einnahme PROBIKEHL® Ersatz für abwechslungsreiche ausgewogene Ernährung gesunde Lebensweise. Die angegebene Tagesdosis überschreiten. Für Kinder unzugänglich aufbewahren. Nährstofftabelle: Nährstoff pro 100 Kapseln 2 Kapseln 4 Kapseln Gesamtzahl Probiotika** ≥ 7,3 10 10 KBE* ≥ 0,4 10 9 KBE* ≥ 0,8 10 9 KBE* *) Zeitpunkt Herstellung **) Referenzmengen festgelegt Nährwerttabelle Nährwert 100 Kapseln 2 Kapseln 4 Kapseln Energie 1052 kJ 5,8 kJ 11,6 kJ 251 kcal 1,4 kcal 2,8 kcal Fett 0,1 &lt; 0,01 &lt; 0,01 * gesättigte Fettsäuren &lt; 0,1 &lt; 0,01 &lt; 0,01 Kohlenhydrate 62,4 0,34 0,69 * Zucker 2,1 0,01 0,02 Eiweiß 0,3 &lt; 0,01 &lt; 0,01 Salz 0,01 &lt; 0,01 &lt; 0,01 Allergene enthalten Powered by First-Web * Gilt für Lieferungen Deutschland. Lieferzeiten für Länder Informationen Berechnung Liefertermins siehe </fragment> </item> <item> <fragment> Nachtkerzenöl Kapseln - Biofrid-Cosmetic GmbH &amp; Co. KG Herstellung Vertrieb diätetischen, kosmetischen pharmazeutischen Produkten » Startseite Login / Registrierung | Ihre persönliche Seite | Warenkorb | Kasse Suche Literatur Produkte Ätherische/fette Öle Kosmetik Nahrungsergänzung/erg.bil. Diät Liefer- Versandkosten Datenschutz Unsere AGB Impressum Kontakt Widerrufsrecht Widerrufsformular Newsletter Biofrid Cosmetic GmbH &amp; Co.KG Hasseler Steinweg 9 27318 Hoya Postfach 1355 27316 Hoya Telefon 04251 9352-396 Telefax 04251 9352-290 Social Bookmarks [&lt;&lt;Erstes] [&lt;zurück] [weiter&gt;] [Letztes&gt;&gt;] 54 Artikel Kategorie Nachtkerzenöl Kapseln Inhalt: 40 Kapseln Art.Nr.: 22511040 PZN: 10132487 Preis: 10,20 EUR PAngV: 37,78 EUR pro 100 Gramm Gewicht: 0.05 Kg Ab 10,20 EUR incl. 7 % UST exkl. Versandkosten Lieferzeit: 3-7 Werktage* Der Produktname " Biofrid® Plus Kapseln " " Nachtkerzenöl Kapseln " geändert. Nahrungsergänzungsmittel Omega-6-Fettsäuren Zutaten: Nachtkerzenöl (73,7%), Gelatine, Feuchthaltemittel: Glycerin, Wasser, D-alpha-Tocopherol Füllmenge: 27 (40 Kapseln) Verzehrempfehlung: 3 mal täglich 2 Kapseln Mahlzeiten verzehren Health Claim(s) Linolsäure trägt Aufrechterhaltung normalen Cholesterinspiegels Blut bei. Hinweis Die Nachtkerze enthält mehrfach ungesättigte Fettsäuren, Mensch Nahrung zuführen muss. Das Öl Samen enthält Linolsäure Gamma-Linolensäure. Diese mehrfach ungesättigten Fettsäuren benötigt Körper besonderer Belastung Bausteine Zellmembranen. Eine positive Wirkung 10 Linolsäure ein. Der hohe Gehalt Gamma-Linolensäure zeichnet Nachtkerzenöl gegenüber häufig verwendeten Speisefetten aus. Dieses Nahrungsergänzungsmittel Ersatz für abwechslungsreiche ausgewogene Ernährung gesunde Lebensweise. Die angegebene Tagesdosis überschreiten. Für Kinder unzugänglich aufbewahren. Bei schizophrenen Patienten bzw. Einnahme epileptogener Arzneimittel z.B. Phenothiazine) können epileptische Anfälle auftreten. In Fällen während Schwangerschaft fragen Sie Ihren Arzt. Nährstofftabelle: Nährwert pro Tag (6 Kapsel) % T.B. 1) Omega-6-Fettsäuren 2.499 mg 2) * Linolsäure 2.220 mg 2) * Gamma-Linolensäure 270 mg 2) 1) Referenzmenge gemäß LMIV 2) EU-Wert veröffentlicht, entspricht 50% D.A.Ch.-Empfehlung Nährwerttabelle Brennwert 124 kJ/ 30 kcal Fett 3,0 * gesättigte Fettsäuren 0,26 * einfach ungesättigte Fettsäuren 0,23 * mehrfach ungesättigte Fettsäuren 2,50 Kohlenhydrate &lt; 0,1 * Zucker &lt; 0,1 Eiweiß 0,6 Salz &lt; 0,1 Vitamin E 60 mg alpha-TE 500 Allergene enthalten Hersteller: Sanum-Kehlbeck GmbH &amp; Co. KG, Hasseler Steinweg 9, 27318 Hoya Kunden, Artikel kauften, folgende Artikel gekauft: Ringelblumen Creme Biofrid Ab 6,90 EUR incl. 19 % UST exkl. Versandkosten Didier® Nachtkerzen-Vitamin E-Creme Ab 7,50 EUR incl. 19 % UST exkl. Versandkosten Selen-Biofrid Ab 5,50 EUR incl. 7 % UST exkl. Versandkosten Zink-diet Biofrid Ab 9,00 EUR incl. 7 % UST exkl. Versandkosten RMS Biofrid Ab 18,00 EUR incl. 7 % UST exkl. Versandkosten Fischöl Kapseln Biofrid Ab 10,70 EUR incl. 7 % UST exkl. Versandkosten Powered by First-Web * Gilt für Lieferungen Deutschland. Lieferzeiten für Länder Informationen Berechnung Liefertermins siehe </fragment> </item> <item> <fragment> Mandarinenöl (rot) kbA - Biofrid-Cosmetic GmbH &amp; Co. KG Herstellung Vertrieb diätetischen, kosmetischen pharmazeutischen Produkten » Startseite Login / Registrierung | Ihre persönliche Seite | Warenkorb | Kasse Suche Literatur Produkte Ätherische/fette Öle Kosmetik Nahrungsergänzung/erg.bil. Diät Liefer- Versandkosten Datenschutz Unsere AGB Impressum Kontakt Widerrufsrecht Widerrufsformular Newsletter Biofrid Cosmetic GmbH &amp; Co.KG Hasseler Steinweg 9 27318 Hoya Postfach 1355 27316 Hoya Telefon 04251 9352-396 Telefax 04251 9352-290 Social Bookmarks [weiter&gt;] [Letztes&gt;&gt;] 48 Artikel Kategorie Mandarinenöl (rot) kbA Inhalt: 10 ml Art.Nr.: 93302 PZN: 6871977 Preis: 7,70 EUR PAngV: 77,00 EUR pro 100 ml Gewicht: 0.05 Kg Ab 7,70 EUR incl. 19 % UST exkl. Versandkosten Lieferzeit: 3-7 Werktage* Herkunft: Italien Art Produkts: Ätherisches Öl kontrolliert biologischem Anbau (kbA) Beschreibung: Das ätherische Öl Kaltpressung Schale reifen Frucht gewonnen. Aus Grunde duftet süß, lieblich fruchtig. Kinder ältere Menschen lieben Duft sehr, beruhigend, gleichzeitig erheiternd erfrischend wirkt. Hinweis: Unsere ätherischen fetten Öle kontrolliert biologischem Anbau (kbA) höchster Qualität. Es handelt flüchtige, hochkonzentrierte, ölige Substanzen, unterschiedlichen Herstellungsverfahren - Wasserdampfdestillation kalte Pressung - verschiedenen Pflanzenteilen gewonnen werden. Sie zumeist farblos hinterlassen Regel (außer Kaltpressung) sichtbaren Spuren, verflüchtigt haben. Diese ätherischen Öle 100% naturrein. Der Einsatz ätherischer Öle sparsam bewusst geschehen. Sie dienen Raumbeduftung Luftverbesserung. Sie dürfen unverdünnt Haut Schleimhäuten Kontakt gebracht werden, Reizungen führen können. In Schwangerschaft Kindern besondere Vorsicht geboten. Die angebotenen genuinen ätherischen Öle aufgrund Vielzahl einzigen Pflanze enthaltenen Duftstoffe umfassendes Bouquet. Darauf bezüglich Wahl Herkunftslandes Wert gelegt, Sortiment bewusst knapp gehalten. Aufgrund Lieferengpässen Ernteausfällen Ausnahmefällen Land gewechselt werden. Als Trägeröl bieten Jojobaöl an. Inhalt: Citrus reticulata Fruchtschale Kunden, Artikel kauften, folgende Artikel gekauft: Didier® Nachtkerzen-Vitamin E Lotion Ab 10,60 EUR incl. 19 % UST exkl. Versandkosten Didier® Badeperlen Germanium Ab 19,90 EUR incl. 19 % UST exkl. Versandkosten Arginin-diet Biofrid Ab 11,90 EUR incl. 7 % UST exkl. Versandkosten Thymianöl (linalol), kbA Ab 11,40 EUR incl. 19 % UST exkl. Versandkosten Niaouliöl, kbA Ab 7,00 EUR incl. 19 % UST exkl. Versandkosten Teebaumöl, kbA Ab 6,90 EUR incl. 19 % UST exkl. Versandkosten Powered by First-Web * Gilt für Lieferungen Deutschland. Lieferzeiten für Länder Informationen Berechnung Liefertermins siehe </fragment> </item> <item> <fragment> Didier® Bath Pearls with Germanium - Biofrid-Cosmetic GmbH &amp; Co. KG Herstellung Vertrieb diätetischen, kosmetischen pharmazeutischen Produkten » Home Login / Register | Your account | Shopping Cart | Cash box Search Literature Products Cosmetics Dietary Supplement Essential/fatty oils Shipping &amp; Returns Privacy Notice General terms and conditions Imprint Contact Right of revocation Standard withdrawal form Newsletter Biofrid Cosmetic GmbH &amp; Co.KG Hasseler Steinweg 9 27318 Hoya Postfach 1355 27316 Hoya Telefon 04251 9352-396 Telefax 04251 9352-290 Social Bookmarks [&lt;&lt;First] [&lt;Back] [Next&gt;] [last&gt;&gt;] 48 Articles this categorie Didier® Bath Pearls with Germanium Volume: 15 Pearls Product No.: 27535015 PZN: 3919011 Price: 19,90 EUR Price reg.: 1,33 EUR per Piece Weight: 0.33 Kg from 19,90 EUR incl. 19 % Tax excl. Shipping costs Shipping time: 3-7 working days* Type of product: Bath Pearls Description: The carefully selected ingredients of Didier® Bath Pearls containing Germanium give essential care for your skin, providing pleasantly long lasting stimulating and revitalising effects. Apart from the essential oils, Sanumgerman® belongs to the most important components of this balanced conditioning composition which first patented by our Company. After dissolving, the pleasant ingredients of Didier® Bath Pealrs with Germanium gently disperse directly onto the skin. The combination of comfortable warm bath with Didier® Bath Pearls leads to relaxing and long lasting skin conditioning effect. Germanium Bath Pealrs are real “pearls“, which when regularly used, maintain the new found vigour and freshness. Application: 1 weekly, 1 to 2 Didier® Bath Pearls full bath Note: The regenerating and conditioning effects can be improved through the use of Didier® Skin Cream with Germanium Content: Decorative glass jar with 15 pearls Ingredients: Isopropyl Myristate, Gelatin, Parfum, Silica, Glycerin, Germanium-Citrate-Lactate Powder, Linalool, Limonene, Hexyl Cinnamal, Citronellol, Cinnamyl Alcohol, Eugenol, Alpha-Isomethyl Ionone, Hydroxyisohexyl 3-Cyclohexene Carboxaldehyde, Ethylparaben, Propylparaben, Denatonium Benzoate, CI 77492 Customers who bought this product bought the following products: Calendula Cream Biofrid from 6,90 EUR incl. 19 % Tax excl. Shipping costs Didier® Evening Primrose Vitamin E Lotion from 10,60 EUR incl. 19 % Tax excl. Shipping costs Arnica Cream Biofrid from 6,90 EUR incl. 19 % Tax excl. Shipping costs Didier® Evening Primrose Vitamin E Creme from 7,50 EUR incl. 19 % Tax excl. Shipping costs Citrus (lemon), organic from 6,50 EUR incl. 19 % Tax excl. Shipping costs Mandarin (red), organic from 7,70 EUR incl. 19 % Tax excl. Shipping costs Powered by First-Web * Gilt für Lieferungen Deutschland. Lieferzeiten für Länder Informationen Berechnung Liefertermins siehe </fragment> </item> <item> <fragment> Sojalecithin EPALIPID® - Biofrid-Cosmetic GmbH &amp; Co. KG Herstellung Vertrieb diätetischen, kosmetischen pharmazeutischen Produkten » Startseite Login / Registrierung | Ihre persönliche Seite | Warenkorb | Kasse Suche Literatur Produkte Ätherische/fette Öle Kosmetik Nahrungsergänzung/erg.bil. Diät Liefer- Versandkosten Datenschutz Unsere AGB Impressum Kontakt Widerrufsrecht Widerrufsformular Newsletter Biofrid Cosmetic GmbH &amp; Co.KG Hasseler Steinweg 9 27318 Hoya Postfach 1355 27316 Hoya Telefon 04251 9352-396 Telefax 04251 9352-290 Social Bookmarks [weiter&gt;] [Letztes&gt;&gt;] 48 Artikel Kategorie EPALIPID® bisheriges Design Inhalt: 300 Art.Nr.: 35030 PZN: 148671 Preis: 17,50 EUR PAngV: 5,83 EUR pro 100 Gramm Gewicht: 0.4 Kg Ab 17,50 EUR incl. 7 % UST exkl. Versandkosten Lieferzeit: 3-7 Werktage* Nahrungsergänzungsmittel Zutaten: Soja lecithin (ohne Gentechnik) Füllmenge: 300 (entsprechen 20 Tagesdosen á 15 g) Verzehrempfehlung: Verzehrempfehlung: 3 Teelöffel täglich. Die Tagesdosis Belieben Flüssigkeiten einrühren über Speisen streuen. Hinweis: Sojalecithin Phospholipidgemisch typischen Inhaltsstoffen Phosphatidylcholin, Phosphatidylethanolamin Phosphatidylinositol. Diese wiederum enthalten großen Prozentsatz Fettsäuren, mehrfach ungesättigten, z. B. Linol- Linolensäure, überwiegen. Die angegebene empfohlene tägliche Verzehrmenge überschritten werden. Nahrungsergänzungsmittel Ersatz für ausgewogene abwechslungsreiche Ernährung gesunde Lebensweise verwendet werden. Bitte außerhalb Reichweite Kindern lagern. Nährstofftabelle: pro 100 pro Tag (3 Teelöffel, ca. 15 g) Lecithin 100 15 *) * Linolsäure 29,0 4,4 * Linolensäure 3,5 0,53 *) Referenzmenge gemäß Lebensmittelinformationsverordnung Nährwerttabelle Brennwert 3.700 kJ/ 900 kcal 555 kJ/ 135 kcal Fett 91 13,7 * gesättigte Fettsäuren 12 1,8 Kohlenhydrate 8 1,2 * Zucker 4 0,6 Eiweiß 0 0 Salz 0,1 &lt; 0,1 Allergene Soja Hersteller: Sanum-Kehlbeck GmbH &amp; Co. KG, Hasseler Steinweg 9, 27318 Hoya Kunden, Artikel kauften, folgende Artikel gekauft: Arginin-diet Biofrid Ab 11,90 EUR incl. 7 % UST exkl. Versandkosten Nachtkerzenöl Kapseln Ab 10,20 EUR incl. 7 % UST exkl. Versandkosten Didier® Nachtkerzen-Vitamin E Lotion Ab 10,60 EUR incl. 19 % UST exkl. Versandkosten Arnica Creme Biofrid Ab 6,90 EUR incl. 19 % UST exkl. Versandkosten Selen-Biofrid Ab 5,50 EUR incl. 7 % UST exkl. Versandkosten Zimtblätteröl, kbA Ab 4,00 EUR incl. 19 % UST exkl. Versandkosten Powered by First-Web * Gilt für Lieferungen Deutschland. Lieferzeiten für Länder Informationen Berechnung Liefertermins siehe </fragment> </item> <item> <fragment> Propolis Creme Biofrid - Biofrid-Cosmetic GmbH &amp; Co. KG Herstellung Vertrieb diätetischen, kosmetischen pharmazeutischen Produkten » Startseite Login / Registrierung | Ihre persönliche Seite | Warenkorb | Kasse Suche Literatur Produkte Ätherische/fette Öle Kosmetik Nahrungsergänzung/erg.bil. Diät Liefer- Versandkosten Datenschutz Unsere AGB Impressum Kontakt Widerrufsrecht Widerrufsformular Newsletter Biofrid Cosmetic GmbH &amp; Co.KG Hasseler Steinweg 9 27318 Hoya Postfach 1355 27316 Hoya Telefon 04251 9352-396 Telefax 04251 9352-290 Social Bookmarks [&lt;&lt;Erstes] [&lt;zurück] [weiter&gt;] [Letztes&gt;&gt;] 48 Artikel Kategorie Propolis Creme Biofrid 100 ml bisheriges Design Inhalt: 100 ml Art.Nr.: 24020100 PZN: 4255949 Preis: 6,90 EUR PAngV: 6,90 EUR pro 100 ml Gewicht: 0.15 Kg Ab 6,90 EUR incl. 19 % UST exkl. Versandkosten Lieferzeit: 3-7 Werktage* Art Produkts: Creme Beschreibung: Optimaler Schutz für beanspruchte Entzündungen neigende Haut Propolis altbewährter Kosmetikzusatz wertvollen Inhaltsstoffen Eisen, Zink, Magnesium Provitamin A E. Propolis Creme Biofrid enthält Propolis Zusätze Arnica montana, Allantoin, Glycerin Bienenwachs, Zusammensetzung Pflege regenerationsbedürftigen Haut fein abgestimmt sind. Propolis Creme Biofrid eignet Pflege spröder gereizter Problemhaut, Sonnenbad. Inhaltsstoffe: Aqua, Paraffinum Liquidum, Polyethylene, Isopropyl Palmitate, Polyglyceryl-2-Sesquiisostearate, Cera Microcristallina, Paraffin, Magnesium Stearate, Cera Alba, Aluminum Stearate, Glycine Soja, Arnica Montana, PEG-7 Hydrogenated Castor Oil, Glycerin, Cera Flava, Propolis Cera, Propylene Glycol, Magnesium Sulfate, Benzyl Alcohol, Methylchloroisothiazolinone, Methylisothiazolinone, Allantoin, Butylphenyl Methylpropional, Alpha-Isomethyl Ionone, Benzyl Benzoate, Citronellol, Geraniol, Hexyl Cinnamal, Hydroxycitronellal, Linalool. Kunden, Artikel kauften, folgende Artikel gekauft: Arginin-diet Biofrid Ab 11,90 EUR incl. 7 % UST exkl. Versandkosten Majoranöl, kbA Ab 6,90 EUR incl. 19 % UST exkl. Versandkosten Zitronenöl, kbA Ab 6,50 EUR incl. 19 % UST exkl. Versandkosten Thymianöl (linalol), kbA Ab 11,40 EUR incl. 19 % UST exkl. Versandkosten RMS Biofrid Ab 18,00 EUR incl. 7 % UST exkl. Versandkosten Fischöl Kapseln Biofrid Ab 10,70 EUR incl. 7 % UST exkl. Versandkosten Powered by First-Web * Gilt für Lieferungen Deutschland. Lieferzeiten für Länder Informationen Berechnung Liefertermins siehe </fragment> </item> <item> <fragment> Cajeputöl, kbA - Biofrid-Cosmetic GmbH &amp; Co. KG Herstellung Vertrieb diätetischen, kosmetischen pharmazeutischen Produkten » Startseite Login / Registrierung | Ihre persönliche Seite | Warenkorb | Kasse Suche Literatur Produkte Ätherische/fette Öle Kosmetik Nahrungsergänzung/erg.bil. Diät Liefer- Versandkosten Datenschutz Unsere AGB Impressum Kontakt Widerrufsrecht Widerrufsformular Newsletter Biofrid Cosmetic GmbH &amp; Co.KG Hasseler Steinweg 9 27318 Hoya Postfach 1355 27316 Hoya Telefon 04251 9352-396 Telefax 04251 9352-290 Social Bookmarks [weiter&gt;] [Letztes&gt;&gt;] 54 Artikel Kategorie Cajeputöl, kbA Inhalt: 10 ml Art.Nr.: 93102 PZN: 1927897 Preis: 6,90 EUR PAngV: 69,00 EUR pro 100 ml Gewicht: 0.05 Kg Ab 6,90 EUR incl. 19 % UST exkl. Versandkosten Lieferzeit: 3-7 Werktage* Herkunft: Vietnam Art Produkts: Ätherisches Öl kontrolliert biologischem Anbau (kbA) Beschreibung: Dieses Öl starke Kopfnote, erfrischend reinigend empfunden wird. Das frische klare Duftprofil Geltung Verwendung Wasserspiel. Hinweis: Unsere ätherischen fetten Öle kontrolliert biologischem Anbau (kbA) höchster Qualität. Es handelt flüchtige, hochkonzentrierte, ölige Substanzen, unterschiedlichen Herstellungsverfahren - Wasserdampfdestillation kalte Pressung - verschiedenen Pflanzenteilen gewonnen werden. Sie zumeist farblos hinterlassen Regel (außer Kaltpressung) sichtbaren Spuren, verflüchtigt haben. Diese ätherischen Öle 100% naturrein. Der Einsatz ätherischer Öle sparsam bewusst geschehen. Sie dienen Raumbeduftung Luftverbesserung. Sie dürfen unverdünnt Haut Schleimhäuten Kontakt gebracht werden, Reizungen führen können. In Schwangerschaft Kindern besondere Vorsicht geboten. Die angebotenen genuinen ätherischen Öle aufgrund Vielzahl einzigen Pflanze enthaltenen Duftstoffe umfassendes Bouquet. Darauf bezüglich Wahl Herkunftslandes Wert gelegt, Sortiment bewusst knapp gehalten. Aufgrund Lieferengpässen Ernteausfällen Ausnahmefällen Land gewechselt werden. Als Trägeröl bieten Jojobaöl an. Inhalt: Melaleuca cajeputi Blättern Kunden, Artikel kauften, folgende Artikel gekauft: Didier® Hautcreme Germanium Ab 19,90 EUR incl. 19 % UST exkl. Versandkosten Didier® Nachtkerzen-Vitamin E Lotion Ab 10,60 EUR incl. 19 % UST exkl. Versandkosten Arginin-diet Biofrid Ab 11,90 EUR incl. 7 % UST exkl. Versandkosten Zink-diet Biofrid Ab 9,00 EUR incl. 7 % UST exkl. Versandkosten Majoranöl, kbA Ab 6,90 EUR incl. 19 % UST exkl. Versandkosten Palmarosaöl, kbA Ab 5,90 EUR incl. 19 % UST exkl. Versandkosten Powered by First-Web * Gilt für Lieferungen Deutschland. Lieferzeiten für Länder Informationen Berechnung Liefertermins siehe </fragment> </item> <item> <fragment> Palmarosaöl, kbA - Biofrid-Cosmetic GmbH &amp; Co. KG Herstellung Vertrieb diätetischen, kosmetischen pharmazeutischen Produkten » Startseite Login / Registrierung | Ihre persönliche Seite | Warenkorb | Kasse Suche Literatur Produkte Ätherische/fette Öle Kosmetik Nahrungsergänzung/erg.bil. Diät Liefer- Versandkosten Datenschutz Unsere AGB Impressum Kontakt Widerrufsrecht Widerrufsformular Newsletter Biofrid Cosmetic GmbH &amp; Co.KG Hasseler Steinweg 9 27318 Hoya Postfach 1355 27316 Hoya Telefon 04251 9352-396 Telefax 04251 9352-290 Social Bookmarks [weiter&gt;] [Letztes&gt;&gt;] 54 Artikel Kategorie Palmarosaöl, kbA Inhalt: 5 ml Art.Nr.: 93501 PZN: 6872014 Preis: 5,90 EUR PAngV: 118,00 EUR pro 100 ml Gewicht: 0.05 Kg Ab 5,90 EUR incl. 19 % UST exkl. Versandkosten Lieferzeit: 3-7 Werktage* Herkunft: Himalaya Art Produkts: Ätherisches Öl kontrolliert biologischem Anbau (kbA) Beschreibung: Der ausgleichende, milde Duft Öls blumig würzig. Er erinnert Rose. Dadurch spricht stark Gefühl gehört Ölen starken Herznote. Hinweis: Unsere ätherischen fetten Öle kontrolliert biologischem Anbau (kbA) höchster Qualität. Es handelt flüchtige, hochkonzentrierte, ölige Substanzen, unterschiedlichen Herstellungsverfahren - Wasserdampfdestillation kalte Pressung - verschiedenen Pflanzenteilen gewonnen werden. Sie zumeist farblos hinterlassen Regel (außer Kaltpressung) sichtbaren Spuren, verflüchtigt haben. Diese ätherischen Öle 100% naturrein. Der Einsatz ätherischer Öle sparsam bewusst geschehen. Sie dienen Raumbeduftung Luftverbesserung. Sie dürfen unverdünnt Haut Schleimhäuten Kontakt gebracht werden, Reizungen führen können. In Schwangerschaft Kindern besondere Vorsicht geboten. Die angebotenen genuinen ätherischen Öle aufgrund Vielzahl einzigen Pflanze enthaltenen Duftstoffe umfassendes Bouquet. Darauf bezüglich Wahl Herkunftslandes Wert gelegt, Sortiment bewusst knapp gehalten. Aufgrund Lieferengpässen Ernteausfällen Ausnahmefällen Land gewechselt werden. Als Trägeröl bieten Jojobaöl an. Inhalt: Cymbopogon martinii Blättern Kunden, Artikel kauften, folgende Artikel gekauft: Didier® Hautcreme Germanium Ab 19,90 EUR incl. 19 % UST exkl. Versandkosten Zink-diet Biofrid Ab 9,00 EUR incl. 7 % UST exkl. Versandkosten Bergamotteöl, kbA Ab 8,50 EUR incl. 19 % UST exkl. Versandkosten Cajeputöl, kbA Ab 6,90 EUR incl. 19 % UST exkl. Versandkosten Lorbeerblätteröl, kbA Ab 10,50 EUR incl. 19 % UST exkl. Versandkosten Rosmarinöl (verbenon), kbA Ab 9,50 EUR incl. 19 % UST exkl. Versandkosten Powered by First-Web * Gilt für Lieferungen Deutschland. Lieferzeiten für Länder Informationen Berechnung Liefertermins siehe </fragment> </item> <item> <fragment> Didier® Hautcreme Germanium - Biofrid-Cosmetic GmbH &amp; Co. KG Herstellung Vertrieb diätetischen, kosmetischen pharmazeutischen Produkten » Startseite Login / Registrierung | Ihre persönliche Seite | Warenkorb | Kasse Suche Literatur Produkte Ätherische/fette Öle Kosmetik Nahrungsergänzung/erg.bil. Diät Liefer- Versandkosten Datenschutz Unsere AGB Impressum Kontakt Widerrufsrecht Widerrufsformular Newsletter Biofrid Cosmetic GmbH &amp; Co.KG Hasseler Steinweg 9 27318 Hoya Postfach 1355 27316 Hoya Telefon 04251 9352-396 Telefax 04251 9352-290 Social Bookmarks [weiter&gt;] [Letztes&gt;&gt;] 54 Artikel Kategorie Didier® Hautcreme Germanium Inhalt: 50 ml Art.Nr.: 27020050 PZN: 3919005 Preis: 19,90 EUR PAngV: 39,80 EUR pro 100 ml Gewicht: 0.16 Kg Ab 19,90 EUR incl. 19 % UST exkl. Versandkosten Lieferzeit: 3-7 Werktage* Art Produkts: Creme Verwendungszweck: Ausgleichende Feuchtigkeitscreme für Hauttyp Sanumgerman Beschreibung: • verleiht gepflegtes Aussehen strahlenden Teint • spendet Feuchtigkeit für empfindliche Haut geeignet • enthält Germanium, Nachtkerzenöl, Allantoin, Vitamin E Panthenol Didier® Hautcreme Germanium hochwertige Feuchtigkeitscreme Tages- Nachtpflege für Hauttyp eignet insbesondere für reife empfindliche Haut. Die Kombination Sanumgerman Nachtkerzenöl Haut straffenden Feuchtigkeit spendenden Eigenschaften sorgt für Kräftigung Hautstruktur. Wertvolle Zusätze Vitamin E, Allantoin Panthenol runden perfekte Dosierung ausgleichenden Pflegecreme ab. Die fettende, zart schmelzende Creme Haut glatt geschmeidig verleiht strahlendes Aussehen. Zur Steigerung pflegenden Wirkung empfehlen zusätzlich Verwendung Didier® Badeperlen Germanium . Zur Steigerung pflegenden Wirkung empfehlen zusätzlich Verwendung Didier® Badeperlen Germanium. Anwendung: Morgens abends sparsam Gesicht, Hals Dekolleté auftragen sanft einmassieren. Hinweis: Parfum Inhaltsstoffe: Aqua (Water), Cocos Nucifera (Coconut) Oil, Aloe Barbadensis Leaf Juice, Cetearyl Alcohol, Macadamia Integrifolia Seed Oil, Butyrospermum Parkii (Shea) Butter, Glycerin, Dicaprylyl Ether, Argania Spinosa Kernel Oil, Glyceryl Stearate, Panthenol, Tocopheryl Acetate, Cetearyl Glucoside, Oenothera Biennis (Eyening Primrose) Oil, Germanium-Citrate-Lactate Powder, Sodium Hyaluronate, Allantoin, Helianthus Annuus (Sunflower) Seed Oil, Glyceryl Caprylate, Medicago Sativa (Alfalfa) Extract, Sodium Stearoyl Glutamate, Sodium Levulinate, Levulinic Acid, Tocopherol, Ascorbyl Palmitate, Sodium Phytate, Alcohol, Citric Acid, Sodium Benzoate, Potassium Sorbate. Kunden, Artikel kauften, folgende Artikel gekauft: Cajeputöl, kbA Ab 6,90 EUR incl. 19 % UST exkl. Versandkosten Rosengeranienöl, kbA Ab 7,70 EUR incl. 19 % UST exkl. Versandkosten Palmarosaöl, kbA Ab 5,90 EUR incl. 19 % UST exkl. Versandkosten Jojobaöl, kbA Ab 6,90 EUR incl. 19 % UST exkl. Versandkosten Zink-diet Biofrid Ab 9,00 EUR incl. 7 % UST exkl. Versandkosten Selen-Biofrid Ab 5,50 EUR incl. 7 % UST exkl. Versandkosten Powered by First-Web * Gilt für Lieferungen Deutschland. Lieferzeiten für Länder Informationen Berechnung Liefertermins siehe </fragment> </item> <item> <fragment> Lavendelöl, kbA - Biofrid-Cosmetic GmbH &amp; Co. KG Herstellung Vertrieb diätetischen, kosmetischen pharmazeutischen Produkten » Startseite Login / Registrierung | Ihre persönliche Seite | Warenkorb | Kasse Suche Literatur Produkte Ätherische/fette Öle Kosmetik Nahrungsergänzung/erg.bil. Diät Liefer- Versandkosten Datenschutz Unsere AGB Impressum Kontakt Widerrufsrecht Widerrufsformular Newsletter Biofrid Cosmetic GmbH &amp; Co.KG Hasseler Steinweg 9 27318 Hoya Postfach 1355 27316 Hoya Telefon 04251 9352-396 Telefax 04251 9352-290 Social Bookmarks [weiter&gt;] [Letztes&gt;&gt;] 54 Artikel Kategorie Lavendelöl, kbA Inhalt: 10 ml Art.Nr.: 93202 PZN: 6871960 Preis: 8,50 EUR PAngV: 85,00 EUR pro 100 ml Gewicht: 0.05 Kg Ab 8,50 EUR incl. 19 % UST exkl. Versandkosten Lieferzeit: 3-7 Werktage* Herkunft: Bulgarien Art Produkts: Ätherisches Öl kontrolliert biologischem Anbau (kbA) Beschreibung: Das bekannteste klassische Duftöl frischen, krautig-blumigen Duft, wirkt ausgleichend harmonisierend Kombination Ölen wunderbaren Harmonisierung Duftmischungen führen. Hinweis: nsere ätherischen fetten Öle kontrolliert biologischem Anbau (kbA) höchster Qualität. Es handelt flüchtige, hochkonzentrierte, ölige Substanzen, unterschiedlichen Herstellungsverfahren - Wasserdampfdestillation kalte Pressung - verschiedenen Pflanzenteilen gewonnen werden. Sie zumeist farblos hinterlassen Regel (außer Kaltpressung) sichtbaren Spuren, verflüchtigt haben. Diese ätherischen Öle 100% naturrein. Der Einsatz ätherischer Öle sparsam bewusst geschehen. Sie dienen Raumbeduftung Luftverbesserung. Sie dürfen unverdünnt Haut Schleimhäuten Kontakt gebracht werden, Reizungen führen können. In Schwangerschaft Kindern besondere Vorsicht geboten. Die angebotenen genuinen ätherischen Öle aufgrund Vielzahl einzigen Pflanze enthaltenen Duftstoffe umfassendes Bouquet. Darauf bezüglich Wahl Herkunftslandes Wert gelegt, Sortiment bewusst knapp gehalten. Aufgrund Lieferengpässen Ernteausfällen Ausnahmefällen Land gewechselt werden. Als Trägeröl bieten Jojobaöl an. Inhalt: Lavandula angustifolia Blütenrispen Kunden, Artikel kauften, folgende Artikel gekauft: Didier® Badeperlen Germanium Ab 19,90 EUR incl. 19 % UST exkl. Versandkosten Arginin-diet Biofrid Ab 11,90 EUR incl. 7 % UST exkl. Versandkosten Didier® Hautcreme Germanium Ab 19,90 EUR incl. 19 % UST exkl. Versandkosten RMS Biofrid Ab 18,00 EUR incl. 7 % UST exkl. Versandkosten Selen-Biofrid Ab 5,50 EUR incl. 7 % UST exkl. Versandkosten Palmarosaöl, kbA Ab 5,90 EUR incl. 19 % UST exkl. Versandkosten Powered by First-Web * Gilt für Lieferungen Deutschland. Lieferzeiten für Länder Informationen Berechnung Liefertermins siehe </fragment> </item> <item> <fragment> Selen-Biofrid - Biofrid-Cosmetic GmbH &amp; Co. KG Herstellung Vertrieb diätetischen, kosmetischen pharmazeutischen Produkten » Home Login / Register | Your account | Shopping Cart | Cash box Search Literature Products Cosmetics Dietary Supplement Essential/fatty oils Shipping &amp; Returns Privacy Notice General terms and conditions Imprint Contact Right of revocation Standard withdrawal form Newsletter Biofrid Cosmetic GmbH &amp; Co.KG Hasseler Steinweg 9 27318 Hoya Postfach 1355 27316 Hoya Telefon 04251 9352-396 Telefax 04251 9352-290 Social Bookmarks [&lt;&lt;First] [&lt;Back] [Next&gt;] [last&gt;&gt;] 54 Articles this categorie Selen-Biofrid 100er 20er Volume: 20 Capsules Product No.: 96601 PZN: 4240988 Price: 5,50 EUR Price reg.: 67,90 EUR per 100 Gramme Weight: 0.03 Kg 100 Capsules Product No.: 96607 PZN: 4241522 Price: 15,90 EUR Price reg.: 39,36 EUR per 100 Gramme Weight: 0.08 Kg from 5,50 EUR incl. 7 % Tax excl. Shipping costs Shipping time: 3-7 working days* Food Supplement with L-Selenomethionine Ingredients filler material cellulose, coating: hydroxypropylmethylcellulosis, filler material Dibasic calcium phosphate, separating medium magnesium stearate, l-selenomethionine Contents: 8,1 (20 Capsules) 40,4 (100 Capsules) Recommended intake: daily 1 capsule to be taken with one meal Health Claim(s): Supports cellprotection function of immunologic system utilization of iodine with the production of thyroid homones Notice Selenium belongs to the essential trace elements, i.e. to the group of metallic substances (ore producer) and is mostly found plants the form of L-selenomethionine. Up to 20 mg of Selenium can be found humans, of which the main quantity is found the muscles, whilst the highest concentrations are the liver, kidneys and spleen. Selenium protects the body cells against oxidative impairment. Selenium helps to capture free radicals and supports the function of the immunologic system. The body requires Selenium for processing iodine by the production of thyroid hormones. This supplementary food is not substitute for varied and well-balanced diet and healthy lifestyle. Do not exceed the daily dose stated. Keep out of reach of children. Table of nutrients: Nutrient per 100 per day (1 Capsule) % NRV *) Selenium 7 mg 30 μg 55% *) Reference quantity according to LIMV Table of nutritive value Calorific value 5,8 kJ/ 1,4 kcal 0 kJ/ 0 kcal Fat 0,2 0 * thereof saturated fatty acids 0,2 0 Carbohydrate 0 0 * thereof sugar 0 0 Protein 0 0 Salt 0 0 Allergens not contained Producer: Sanum-Kehlbeck GmbH &amp; Co. KG, Hasseler Steinweg 9, 27318 Hoya Customers who bought this product bought the following products: Nachtkerzenöl Kapseln from 10,20 EUR incl. 7 % Tax excl. Shipping costs Didier® Evening Primrose Vitamin E Lotion from 10,60 EUR incl. 19 % Tax excl. Shipping costs Didier® Skin Moisturising Cream with Germanium from 19,90 EUR incl. 19 % Tax excl. Shipping costs Fish Oil Capsules Biofrid from 10,70 EUR incl. 7 % Tax excl. Shipping costs Lavender, organic from 8,50 EUR incl. 19 % Tax excl. Shipping costs EPALIPID® from 17,50 EUR incl. 7 % Tax excl. Shipping costs Powered by First-Web * Gilt für Lieferungen Deutschland. Lieferzeiten für Länder Informationen Berechnung Liefertermins siehe </fragment> </item> <item> <fragment> Didier® Badeperlen Germanium - Biofrid-Cosmetic GmbH &amp; Co. KG Herstellung Vertrieb diätetischen, kosmetischen pharmazeutischen Produkten » Startseite Login / Registrierung | Ihre persönliche Seite | Warenkorb | Kasse Suche Literatur Produkte Ätherische/fette Öle Kosmetik Nahrungsergänzung/erg.bil. Diät Liefer- Versandkosten Datenschutz Unsere AGB Impressum Kontakt Widerrufsrecht Widerrufsformular Newsletter Biofrid Cosmetic GmbH &amp; Co.KG Hasseler Steinweg 9 27318 Hoya Postfach 1355 27316 Hoya Telefon 04251 9352-396 Telefax 04251 9352-290 Social Bookmarks [weiter&gt;] [Letztes&gt;&gt;] 54 Artikel Kategorie Didier® Badeperlen Germanium Inhalt: 15 Perlen Art.Nr.: 27535015 PZN: 3919011 Preis: 19,90 EUR PAngV: 1,33 EUR pro Stück Gewicht: 0.33 Kg Ab 19,90 EUR incl. 19 % UST exkl. Versandkosten Lieferzeit: 3-7 Werktage* Art Produkts: Badeperlen Beschreibung: Entspannung Pflege einem. Didier® Badeperlen Germanium für Hauttyp verträglich. Didier® Badeperlen Germanium ausgewählten Inhaltsstoffen hochwertige Pflege für Ihre Haut, wohltuende Art nachhaltig angeregt belebt. Sanumgerman gehört wichtigsten Bestandteilen ausgewogenen pflegenden Komposition, erstmalig Firmengruppe patentiert wurde. Die wohltuenden Inhaltsstoffe Didier® Badeperlen Germanium verteilen Auflösen Kapseln angenehm Hautfläche. Das Zusammenspiel wohlig warmen Bades Didier® Badeperlen Germanium führt entspannenden nachhaltig hautpflegenden Wirkung. Germanium Badeperlen wahre "Perlen", die, regelmäßig angewendet, beitragen, Spannkraft Frische wiederzugewinnen bewahren. Anwendung: 1x wöchentlich Vollbad 1–2 Didier® Badeperlen Hinweis: Zur Steigerung pflegenden Wirkung empfehlen zusätzlich Verwendung Didier® Hautcreme Germanium . Inhalt: Schmuckglas 15 Badeperlen Inhaltsstoffe: Isopropyl Myristate, Gelatin, Parfum, Silica, Glycerin, Germanium-Citrate-Lactate Powder, Linalool, Limonene, Hexyl Cinnamal, Citronellol, Cinnamyl Alcohol, Eugenol, Alpha-Isomethyl Ionone, Hydroxyisohexyl 3-Cyclohexene Carboxaldehyde, Ethylparaben, Propylparaben, Denatonium Benzoate, CI 77492 Kunden, Artikel kauften, folgende Artikel gekauft: Ringelblumen Creme Biofrid Ab 6,90 EUR incl. 19 % UST exkl. Versandkosten Didier® Nachtkerzen-Vitamin E Lotion Ab 10,60 EUR incl. 19 % UST exkl. Versandkosten Arnica Creme Biofrid Ab 6,90 EUR incl. 19 % UST exkl. Versandkosten Didier® Nachtkerzen-Vitamin E-Creme Ab 7,50 EUR incl. 19 % UST exkl. Versandkosten Zitronenöl, kbA Ab 6,50 EUR incl. 19 % UST exkl. Versandkosten Mandarinenöl (rot) kbA Ab 7,70 EUR incl. 19 % UST exkl. Versandkosten Powered by First-Web * Gilt für Lieferungen Deutschland. Lieferzeiten für Länder Informationen Berechnung Liefertermins siehe </fragment> </item> <item> <fragment> Zedernöl, kbA - Biofrid-Cosmetic GmbH &amp; Co. KG Herstellung Vertrieb diätetischen, kosmetischen pharmazeutischen Produkten » Startseite Login / Registrierung | Ihre persönliche Seite | Warenkorb | Kasse Suche Literatur Produkte Ätherische/fette Öle Kosmetik Nahrungsergänzung/erg.bil. Diät Liefer- Versandkosten Datenschutz Unsere AGB Impressum Kontakt Widerrufsrecht Widerrufsformular Newsletter Biofrid Cosmetic GmbH &amp; Co.KG Hasseler Steinweg 9 27318 Hoya Postfach 1355 27316 Hoya Telefon 04251 9352-396 Telefax 04251 9352-290 Social Bookmarks [weiter&gt;] [Letztes&gt;&gt;] 54 Artikel Kategorie Zedernöl, kbA Inhalt: 10 ml Art.Nr.: 93802 PZN: 6872215 Preis: 8,50 EUR PAngV: 85,00 EUR pro 100 ml Gewicht: 0.05 Kg Ab 8,50 EUR incl. 19 % UST exkl. Versandkosten Lieferzeit: 3-7 Werktage* Herkunft: Marokko Art Produkts: Ätherisches Öl kontrolliert biologischem Anbau (kbA) Beschreibung: Das Holz, ätherische Öl gewonnen wird, hinterlässt starke Spuren Duft Öles. Er holzig, balsamisch warm. Bei Raumbeduftung schafft ausgleichende stabilisierende Atmosphäre, Gefühl Ruhe Geborgenheit aufkommt. Hinweis: Unsere ätherischen fetten Öle kontrolliert biologischem Anbau (kbA) höchster Qualität. Es handelt flüchtige, hochkonzentrierte, ölige Substanzen, unterschiedlichen Herstellungsverfahren - Wasserdampfdestillation kalte Pressung - verschiedenen Pflanzenteilen gewonnen werden. Sie zumeist farblos hinterlassen Regel (außer Kaltpressung) sichtbaren Spuren, verflüchtigt haben. Diese ätherischen Öle 100% naturrein. Der Einsatz ätherischer Öle sparsam bewusst geschehen. Sie dienen Raumbeduftung Luftverbesserung. Sie dürfen unverdünnt Haut Schleimhäuten Kontakt gebracht werden, Reizungen führen können. In Schwangerschaft Kindern besondere Vorsicht geboten. Die angebotenen genuinen ätherischen Öle aufgrund Vielzahl einzigen Pflanze enthaltenen Duftstoffe umfassendes Bouquet. Darauf bezüglich Wahl Herkunftslandes Wert gelegt, Sortiment bewusst knapp gehalten. Aufgrund Lieferengpässen Ernteausfällen Ausnahmefällen Land gewechselt werden. Als Trägeröl bieten Jojobaöl an. Inhalt: Cedrus atlantica Holz Kunden, Artikel kauften, folgende Artikel gekauft: RMS Biofrid Ab 18,00 EUR incl. 7 % UST exkl. Versandkosten Didier® Hautcreme Germanium Ab 19,90 EUR incl. 19 % UST exkl. Versandkosten Arginin-diet Biofrid Ab 11,90 EUR incl. 7 % UST exkl. Versandkosten Palmarosaöl, kbA Ab 5,90 EUR incl. 19 % UST exkl. Versandkosten Didier® Badeperlen Germanium (Beutel) Ab 191,60 EUR incl. 19 % UST exkl. Versandkosten Didier® Badeperlen Germanium Ab 19,90 EUR incl. 19 % UST exkl. Versandkosten Powered by First-Web * Gilt für Lieferungen Deutschland. Lieferzeiten für Länder Informationen Berechnung Liefertermins siehe </fragment> </item> <item> <fragment> Probikehl - Biofrid-Cosmetic GmbH &amp; Co. KG Herstellung Vertrieb diätetischen, kosmetischen pharmazeutischen Produkten » Home Login / Register | Your account | Shopping Cart | Cash box Search Literature Products Cosmetics Dietary Supplement Essential/fatty oils Shipping &amp; Returns Privacy Notice General terms and conditions Imprint Contact Right of revocation Standard withdrawal form Newsletter Biofrid Cosmetic GmbH &amp; Co.KG Hasseler Steinweg 9 27318 Hoya Postfach 1355 27316 Hoya Telefon 04251 9352-396 Telefax 04251 9352-290 Social Bookmarks [&lt;&lt;First] [&lt;Back] [Next&gt;] [last&gt;&gt;] 54 Articles this categorie Probikehl Volume: 20 Capsules Product No.: 72811020 PZN: 11160758 Price: 10,90 EUR Price reg.: 0,55 EUR per Piece Weight: 0.02 Kg 40 Capsules Product No.: 72811040 PZN: 11160764 Price: 19,90 EUR Price reg.: 0,50 EUR per Piece Weight: 0.032 Kg from 10,90 EUR incl. 7 % Tax excl. Shipping costs Shipping time: 3-7 working days* Manufacturer SANUM-Kehlbeck GmbH &amp; Co. KG Description: Dietary Supplement with seven probiotic strains and the prebiotics inulin and fructo-oligosaccharides Ingredients: Corn starch, hydroxypropylmethylcellulose (capsule shell), maltodextrin, inulin, potassium chloride, magnesium sulfate, fructo-oligosaccharides, amylase, Lactobacillus acidophilus W22, Lactobacillus paracasei W20, Lactococcus lactis W19, Bifidobacterium lactis W52, Bifidobacterium lactis W51, Lactobacillus salivarius W24, Lactobacillus plantarum W21, vanilla powder, manganese sulfate. Contents: 5.5 (20 capsules) 11.0 (40 capsules) Recommended intake: 2 capsules to be taken twice daily before or with meal Additional informationon packaging: PROBIKEHL® contains synergetic combination of probiotics and prebiotics: Lactobacillus plantarum W21, Lactobacillus acidophilus W22, Lactobacillus paracasei W20, Lactobacillus salivarius W24, Lactococcus lactis W19, Bifidobacterium lactis W51, Bifidobacterium lactis W52, inulin and fructo-oligosaccharide. Stress factors such as unbalanced diet, infections and use of medications can cause imbalance of the intestinal flora. Probiotic cultures are well known to support the establishment of intact intestinal flora. Notice: The intake of PROBIKEHL® is not substitute for diversified, balanced diet and healthy lifestyle. Do not exceed the recommended daily dose. Keep away from small children. Table of nutrients: Nutrient per 100 capsules 2 capsules 4 capsules Total number of probiotics** ≥ 7,3 10 10 CFU* ≥ 0,4 10 9 CFU* ≥ 0,8 10 9 CFU* *) at the time of manufacture **) no RDA reference value has been defined Table of nutritive value: Nutritive value 100 capsules 2 capsules 4 capsules Calorific value 1052 kJ 5,8 kJ 11,6 kJ 251 kcal 1,4 kcal 2,8 kcal Fat 0,1 &lt; 0,01 &lt; 0,01 * thereof saturated fatty acids &lt; 0,1 &lt; 0,01 &lt; 0,01 Carbohydrates 62,4 0,34 0,69 * thereof sugar 2,1 0,01 0,02 Protein 0,3 &lt; 0,01 &lt; 0,01 Salt 0,01 &lt; 0,01 &lt; 0,01 Allergens: not contained Powered by First-Web * Gilt für Lieferungen Deutschland. Lieferzeiten für Länder Informationen Berechnung Liefertermins siehe </fragment> </item> <item> <fragment> Probikehl - Biofrid-Cosmetic GmbH &amp; Co. KG Herstellung Vertrieb diätetischen, kosmetischen pharmazeutischen Produkten » Startseite Login / Registrierung | Ihre persönliche Seite | Warenkorb | Kasse Suche Literatur Produkte Ätherische/fette Öle Kosmetik Nahrungsergänzung/erg.bil. Diät Liefer- Versandkosten Datenschutz Unsere AGB Impressum Kontakt Widerrufsrecht Widerrufsformular Newsletter Biofrid Cosmetic GmbH &amp; Co.KG Hasseler Steinweg 9 27318 Hoya Postfach 1355 27316 Hoya Telefon 04251 9352-396 Telefax 04251 9352-290 Social Bookmarks [&lt;&lt;Erstes] [&lt;zurück] [weiter&gt;] [Letztes&gt;&gt;] 54 Artikel Kategorie Probikehl Inhalt: 20 Kapseln Art.Nr.: 72811020 PZN: 11160758 Preis: 10,90 EUR PAngV: 0,55 EUR pro Stück Gewicht: 0.02 Kg 40 Kapseln Art.Nr.: 72811040 PZN: 11160764 Preis: 19,90 EUR PAngV: 0,50 EUR pro Stück Gewicht: 0.032 Kg Ab 10,90 EUR incl. 7 % UST exkl. Versandkosten Lieferzeit: 3-7 Werktage* Hersteller: SANUM-Kehlbeck GmbH &amp; Co. KG Bezeichnung: Nahrungsergänzungsmittel Probiotika-Stämmen Präbiotika Inulin Fructo-Oligosacchariden Zutaten: Maisstärke, Überzugsmittel: Hydroxypropylmethylcellulose (Kapselhülle), Maltodextrin, Inulin, Kaliumchlorid, Magnesiumsulfat, Fructo-Oligosaccharide, Amylase, Lactobacillus acidophilus W22, Lactobacillus paracasei W20, Lactococcus lactis W19, Bifidobacterium lactis W52, Bifidobacterium lactis W51, Lactobacillus salivarius W24, Lactobacillus plantarum W21, Vanillepulver, Mangansulfat Füllmenge: 5,5 (20 Kapseln) 11,0 (40 Kapseln) Verzehrempfehlung: 2 mal täglich 2 Kapseln Mahlzeit weiterer Text Faltschachtel PROBIKEHL® enthält synergetische Kombination Probiotika Präbiotika: Lactobacillus plantarum W21, Lactobacillus acidophilus W22, Lactobacillus paracasei W20, Lactobacillus salivarius W24, Lactococcus lactis W19, Bifidobacterium lactis W51, Bifidobacterium lactis W52, Inulin Fructo-Oligosaccharide. Stressfaktoren, unausgewogene Ernährung, Infektionen Medikamenteneinnahme können Darmflora Gleichgewicht bringen. Probiotische Kulturen dafür Herstellung intakten Darmflora unterstützen. Wichtiger Hinweis: Die Einnahme PROBIKEHL® Ersatz für abwechslungsreiche ausgewogene Ernährung gesunde Lebensweise. Die angegebene Tagesdosis überschreiten. Für Kinder unzugänglich aufbewahren. Nährstofftabelle: Nährstoff pro 100 Kapseln 2 Kapseln 4 Kapseln Gesamtzahl Probiotika** ≥ 7,3 10 10 KBE* ≥ 0,4 10 9 KBE* ≥ 0,8 10 9 KBE* *) Zeitpunkt Herstellung **) Referenzmengen festgelegt Nährwerttabelle Nährwert 100 Kapseln 2 Kapseln 4 Kapseln Energie 1052 kJ 5,8 kJ 11,6 kJ 251 kcal 1,4 kcal 2,8 kcal Fett 0,1 &lt; 0,01 &lt; 0,01 * gesättigte Fettsäuren &lt; 0,1 &lt; 0,01 &lt; 0,01 Kohlenhydrate 62,4 0,34 0,69 * Zucker 2,1 0,01 0,02 Eiweiß 0,3 &lt; 0,01 &lt; 0,01 Salz 0,01 &lt; 0,01 &lt; 0,01 Allergene enthalten Powered by First-Web * Gilt für Lieferungen Deutschland. Lieferzeiten für Länder Informationen Berechnung Liefertermins siehe </fragment> </item> <item> <fragment> Ringelblumen Creme Biofrid - Biofrid-Cosmetic GmbH &amp; Co. KG Herstellung Vertrieb diätetischen, kosmetischen pharmazeutischen Produkten » Startseite Login / Registrierung | Ihre persönliche Seite | Warenkorb | Kasse Suche Literatur Produkte Ätherische/fette Öle Kosmetik Nahrungsergänzung/erg.bil. Diät Liefer- Versandkosten Datenschutz Unsere AGB Impressum Kontakt Widerrufsrecht Widerrufsformular Newsletter Biofrid Cosmetic GmbH &amp; Co.KG Hasseler Steinweg 9 27318 Hoya Postfach 1355 27316 Hoya Telefon 04251 9352-396 Telefax 04251 9352-290 Social Bookmarks [weiter&gt;] [Letztes&gt;&gt;] 54 Artikel Kategorie Ringelblumen Creme Biofrid bisheriges Design Inhalt: 100 ml Art.Nr.: 24520100 PZN: 4255955 Preis: 6,90 EUR PAngV: 6,90 EUR pro 100 ml Gewicht: 0.14 Kg Ab 6,90 EUR incl. 19 % UST exkl. Versandkosten Lieferzeit: 3-7 Werktage* Art Produkts: Creme Beschreibung: Energiespendende Haut- Körperpflege für Hauttyp Calendula officinalis erhöht Widerstandsfähigkeit Haut schafft Ausgleich Feuchtigkeitsmangel. Sie wirkt restrukturierend unterstützt natürlichen Regenerationsprozess. Ringelblumen Creme Biofrid bietet wertvollen Zusätzen Calendula officinalis, echtem Bienenwachs, Glycerin, Allantoin, Hamamelis Hautschutzvitaminen A E optimale 24-Stunden-Versorgung allem, Umwelteinflüsse strapazierte Haut benötigt. Durch geschmeidige, fettende Konsistenz eignet Ringelblumen Creme Biofrid Gesichts- Ganzkörperpflege. Der Zusatz Beta-Carotin (Provitamin A) dient natürlicher UV-Filter. Inhaltsstoffe: Water (aqua), Isopropyl palmitate, Polyglyceryl-2 Sesquiisostearate, Mineral Oil (paraffinum liquidum), Microcrystalline Wax (cera microcristallina), Paraffin, Magnesium Stearate, Beeswax (cera alba), Aluminum Stearate, Polyethylene, Soybean (glycine soja) oily extract, Calendula (calendula officinalis), PEG-7 Hydrogenated Castor Oil, Glycerin, Beeswax (cera flava), Propylene Tocopheryl Acetate, Retinyl Palpitate, Bisabolol 100, Fragrance (parfum), Benzyl Alcohol, Methylchloroisothiazolinone, Methylisothiazolinone, Beta Carotene, Allantoin Kunden, Artikel kauften, folgende Artikel gekauft: Nachtkerzenöl Kapseln Ab 10,20 EUR incl. 7 % UST exkl. Versandkosten Didier® Badeperlen Germanium Ab 19,90 EUR incl. 19 % UST exkl. Versandkosten Rosengeranienöl, kbA Ab 7,70 EUR incl. 19 % UST exkl. Versandkosten Arginin-diet Biofrid Ab 11,90 EUR incl. 7 % UST exkl. Versandkosten Majoranöl, kbA Ab 6,90 EUR incl. 19 % UST exkl. Versandkosten Thymianöl (linalol), kbA Ab 11,40 EUR incl. 19 % UST exkl. Versandkosten Powered by First-Web * Gilt für Lieferungen Deutschland. Lieferzeiten für Länder Informationen Berechnung Liefertermins siehe </fragment> </item> <item> <fragment> Nachtkerzenöl Kapseln - Biofrid-Cosmetic GmbH &amp; Co. KG Herstellung Vertrieb diätetischen, kosmetischen pharmazeutischen Produkten » Home Login / Register | Your account | Shopping Cart | Cash box Search Literature Products Cosmetics Dietary Supplement Essential/fatty oils Shipping &amp; Returns Privacy Notice General terms and conditions Imprint Contact Right of revocation Standard withdrawal form Newsletter Biofrid Cosmetic GmbH &amp; Co.KG Hasseler Steinweg 9 27318 Hoya Postfach 1355 27316 Hoya Telefon 04251 9352-396 Telefax 04251 9352-290 Social Bookmarks [&lt;&lt;First] [&lt;Back] [Next&gt;] [last&gt;&gt;] 54 Articles this categorie Nachtkerzenöl Kapseln Volume: 40 Capsules Product No.: 22511040 PZN: 10132487 Price: 10,20 EUR Price reg.: 37,78 EUR per 100 Gramme Weight: 0.05 Kg from 10,20 EUR incl. 7 % Tax excl. Shipping costs Shipping time: 3-7 working days* Food Supplement with Omega-6-fatty acids Ingredients Evening primrose oil (73,8%), Gelatine, Humectant: Glycerine, Water, DL-alpha-Tocopherol Contents: 27 (40 Capsules) Recommended intake: to be taken thrice daily 2 capsules at mealtimes Health Claim(s) Linoleic acid contributes to the maintenance of normal blood cholesterol levels Notice The evening primrose contains polyunsaturated fatty acids which human beings need to get from their food. The oil of its seeds contains linoleic acid and gamma-linoleic acid. The body requires these polyunsaturated fatty acids when it is especially burdened, mainly as building blocks of the cell membranes. A positive effect is only achieved above 10 of linoleic acid. It is the high content of gamma-linoleic acid what distinguishes the evening primrose oil comparison with other commonly used edible fats. This food supplement is not replacement for diversified and balanced diet and healthy lifestyle. Do not exceed the recommended daily dose. Keep away from children. When used by schizophrenic patients or with the intake of epileptogenic medication (e.g. Phenothiazine) epileptic seizures may occur. In those cases and during pregnancy consult your physician. Table of nutrients: Nutrient per Day (6 Capsules) % D.R. 1) Omega-6-fatty acids 2.499 mg 2) * thereof linoleic acid 2.220 mg 2) * thereof gamma-linoleic acid 270 mg 2) 1) Reference quantity according to LIMV 2) No EU value published yet, equates to 50% of D.A.Ch.-Recommendation Table of nutritive value Calorific value 124 kJ/ 30 kcal Fat 3,0 * thereof saturated fatty acids 0,26 * thereof mono unsaturated fatty acids 0,23 * thereof polyunsaturated fatty acids 2,50 Carbohydrate &lt; 0,1 * thereof sugar &lt; 0,1 Protein 0,6 Salt &lt; 0,1 Vitamin E 60 mg alpha-TE 500 Allergens not contained Producer: Sanum-Kehlbeck GmbH &amp; Co. KG, Hasseler Steinweg 9, 27318 Hoya Customers who bought this product bought the following products: Calendula Cream Biofrid from 6,90 EUR incl. 19 % Tax excl. Shipping costs Didier® Evening Primrose Vitamin E Creme from 7,50 EUR incl. 19 % Tax excl. Shipping costs Selen-Biofrid from 5,50 EUR incl. 7 % Tax excl. Shipping costs Zinc-diet Biofrid from 9,00 EUR incl. 7 % Tax excl. Shipping costs RMS Biofrid from 18,00 EUR incl. 7 % Tax excl. Shipping costs Fish Oil Capsules Biofrid from 10,70 EUR incl. 7 % Tax excl. Shipping costs Powered by First-Web * Gilt für Lieferungen Deutschland. Lieferzeiten für Länder Informationen Berechnung Liefertermins siehe </fragment> </item> <item> <fragment> Nachtkerzenöl Kapseln - Biofrid-Cosmetic GmbH &amp; Co. KG Herstellung Vertrieb diätetischen, kosmetischen pharmazeutischen Produkten » Startseite Login / Registrierung | Ihre persönliche Seite | Warenkorb | Kasse Suche Literatur Produkte Ätherische/fette Öle Kosmetik Nahrungsergänzung/erg.bil. Diät Liefer- Versandkosten Datenschutz Unsere AGB Impressum Kontakt Widerrufsrecht Widerrufsformular Newsletter Biofrid Cosmetic GmbH &amp; Co.KG Hasseler Steinweg 9 27318 Hoya Postfach 1355 27316 Hoya Telefon 04251 9352-396 Telefax 04251 9352-290 Social Bookmarks [&lt;&lt;Erstes] [&lt;zurück] [weiter&gt;] [Letztes&gt;&gt;] 54 Artikel Kategorie Nachtkerzenöl Kapseln Inhalt: 40 Kapseln Art.Nr.: 22511040 PZN: 10132487 Preis: 10,20 EUR PAngV: 37,78 EUR pro 100 Gramm Gewicht: 0.05 Kg Ab 10,20 EUR incl. 7 % UST exkl. Versandkosten Lieferzeit: 3-7 Werktage* Der Produktname " Biofrid® Plus Kapseln " " Nachtkerzenöl Kapseln " geändert. Nahrungsergänzungsmittel Omega-6-Fettsäuren Zutaten: Nachtkerzenöl (73,7%), Gelatine, Feuchthaltemittel: Glycerin, Wasser, D-alpha-Tocopherol Füllmenge: 27 (40 Kapseln) Verzehrempfehlung: 3 mal täglich 2 Kapseln Mahlzeiten verzehren Health Claim(s) Linolsäure trägt Aufrechterhaltung normalen Cholesterinspiegels Blut bei. Hinweis Die Nachtkerze enthält mehrfach ungesättigte Fettsäuren, Mensch Nahrung zuführen muss. Das Öl Samen enthält Linolsäure Gamma-Linolensäure. Diese mehrfach ungesättigten Fettsäuren benötigt Körper besonderer Belastung Bausteine Zellmembranen. Eine positive Wirkung 10 Linolsäure ein. Der hohe Gehalt Gamma-Linolensäure zeichnet Nachtkerzenöl gegenüber häufig verwendeten Speisefetten aus. Dieses Nahrungsergänzungsmittel Ersatz für abwechslungsreiche ausgewogene Ernährung gesunde Lebensweise. Die angegebene Tagesdosis überschreiten. Für Kinder unzugänglich aufbewahren. Bei schizophrenen Patienten bzw. Einnahme epileptogener Arzneimittel z.B. Phenothiazine) können epileptische Anfälle auftreten. In Fällen während Schwangerschaft fragen Sie Ihren Arzt. Nährstofftabelle: Nährwert pro Tag (6 Kapsel) % T.B. 1) Omega-6-Fettsäuren 2.499 mg 2) * Linolsäure 2.220 mg 2) * Gamma-Linolensäure 270 mg 2) 1) Referenzmenge gemäß LMIV 2) EU-Wert veröffentlicht, entspricht 50% D.A.Ch.-Empfehlung Nährwerttabelle Brennwert 124 kJ/ 30 kcal Fett 3,0 * gesättigte Fettsäuren 0,26 * einfach ungesättigte Fettsäuren 0,23 * mehrfach ungesättigte Fettsäuren 2,50 Kohlenhydrate &lt; 0,1 * Zucker &lt; 0,1 Eiweiß 0,6 Salz &lt; 0,1 Vitamin E 60 mg alpha-TE 500 Allergene enthalten Hersteller: Sanum-Kehlbeck GmbH &amp; Co. KG, Hasseler Steinweg 9, 27318 Hoya Kunden, Artikel kauften, folgende Artikel gekauft: Ringelblumen Creme Biofrid Ab 6,90 EUR incl. 19 % UST exkl. Versandkosten Didier® Nachtkerzen-Vitamin E-Creme Ab 7,50 EUR incl. 19 % UST exkl. Versandkosten Selen-Biofrid Ab 5,50 EUR incl. 7 % UST exkl. Versandkosten Zink-diet Biofrid Ab 9,00 EUR incl. 7 % UST exkl. Versandkosten RMS Biofrid Ab 18,00 EUR incl. 7 % UST exkl. Versandkosten Fischöl Kapseln Biofrid Ab 10,70 EUR incl. 7 % UST exkl. Versandkosten Powered by First-Web * Gilt für Lieferungen Deutschland. Lieferzeiten für Länder Informationen Berechnung Liefertermins siehe </fragment> </item> <item> <fragment> Jojobaöl, kbA - Biofrid-Cosmetic GmbH &amp; Co. KG Herstellung Vertrieb diätetischen, kosmetischen pharmazeutischen Produkten » Startseite Login / Registrierung | Ihre persönliche Seite | Warenkorb | Kasse Suche Literatur Produkte Ätherische/fette Öle Kosmetik Nahrungsergänzung/erg.bil. Diät Liefer- Versandkosten Datenschutz Unsere AGB Impressum Kontakt Widerrufsrecht Widerrufsformular Newsletter Biofrid Cosmetic GmbH &amp; Co.KG Hasseler Steinweg 9 27318 Hoya Postfach 1355 27316 Hoya Telefon 04251 9352-396 Telefax 04251 9352-290 Social Bookmarks [weiter&gt;] [Letztes&gt;&gt;] 54 Artikel Kategorie Jojobaöl, kbA Inhalt: 50 ml Art.Nr.: 93956 PZN: 6872244 Preis: 6,90 EUR PAngV: 13,80 EUR pro 100 ml Gewicht: 0.11 Kg Ab 6,90 EUR incl. 19 % UST exkl. Versandkosten Lieferzeit: 3-7 Werktage* Herkunft: Argentinien / Israel / Ägypten Art Produkts: Fettes Öl kontrolliert biologischem Anbau (kalt gepreßt) Beschreibung: Jojobaöl Nüssen holzigen Strauches gewonnen, Halbwüsten wächst. Es pflegt, erhält Hautfeuchtigkeit fast geruchsneutral. Jojobaöl enthält Vitamin A E Lichtschutzfaktor 3-4. Aufgrund wachsartigen Charakters Jojobaöl ranzig zeichnet Haltbarkeit aus. Seine positiven Eigenschaften hervorragenden (Träger-) Öl Kosmetik gemacht. Inhalt: Simmondsia chinensis Nüssen Kunden, Artikel kauften, folgende Artikel gekauft: Didier® Hautcreme Germanium Ab 19,90 EUR incl. 19 % UST exkl. Versandkosten RMS Biofrid Ab 18,00 EUR incl. 7 % UST exkl. Versandkosten Teebaumöl, kbA Ab 6,90 EUR incl. 19 % UST exkl. Versandkosten Bergamotteöl, kbA Ab 8,50 EUR incl. 19 % UST exkl. Versandkosten Thymianöl (linalol), kbA Ab 11,40 EUR incl. 19 % UST exkl. Versandkosten Rosengeranienöl, kbA Ab 7,70 EUR incl. 19 % UST exkl. Versandkosten Powered by First-Web * Gilt für Lieferungen Deutschland. Lieferzeiten für Länder Informationen Berechnung Liefertermins siehe </fragment> </item> <item> <fragment> Propolis Creme Biofrid - Biofrid-Cosmetic GmbH &amp; Co. KG Herstellung Vertrieb diätetischen, kosmetischen pharmazeutischen Produkten » Startseite Login / Registrierung | Ihre persönliche Seite | Warenkorb | Kasse Suche Literatur Produkte Ätherische/fette Öle Kosmetik Nahrungsergänzung/erg.bil. Diät Liefer- Versandkosten Datenschutz Unsere AGB Impressum Kontakt Widerrufsrecht Widerrufsformular Newsletter Biofrid Cosmetic GmbH &amp; Co.KG Hasseler Steinweg 9 27318 Hoya Postfach 1355 27316 Hoya Telefon 04251 9352-396 Telefax 04251 9352-290 Social Bookmarks [&lt;&lt;Erstes] [&lt;zurück] [weiter&gt;] [Letztes&gt;&gt;] 48 Artikel Kategorie Propolis Creme Biofrid 100 ml bisheriges Design Inhalt: 100 ml Art.Nr.: 24020100 PZN: 4255949 Preis: 6,90 EUR PAngV: 6,90 EUR pro 100 ml Gewicht: 0.15 Kg Ab 6,90 EUR incl. 19 % UST exkl. Versandkosten Lieferzeit: 3-7 Werktage* Art Produkts: Creme Beschreibung: Optimaler Schutz für beanspruchte Entzündungen neigende Haut Propolis altbewährter Kosmetikzusatz wertvollen Inhaltsstoffen Eisen, Zink, Magnesium Provitamin A E. Propolis Creme Biofrid enthält Propolis Zusätze Arnica montana, Allantoin, Glycerin Bienenwachs, Zusammensetzung Pflege regenerationsbedürftigen Haut fein abgestimmt sind. Propolis Creme Biofrid eignet Pflege spröder gereizter Problemhaut, Sonnenbad. Inhaltsstoffe: Aqua, Paraffinum Liquidum, Polyethylene, Isopropyl Palmitate, Polyglyceryl-2-Sesquiisostearate, Cera Microcristallina, Paraffin, Magnesium Stearate, Cera Alba, Aluminum Stearate, Glycine Soja, Arnica Montana, PEG-7 Hydrogenated Castor Oil, Glycerin, Cera Flava, Propolis Cera, Propylene Glycol, Magnesium Sulfate, Benzyl Alcohol, Methylchloroisothiazolinone, Methylisothiazolinone, Allantoin, Butylphenyl Methylpropional, Alpha-Isomethyl Ionone, Benzyl Benzoate, Citronellol, Geraniol, Hexyl Cinnamal, Hydroxycitronellal, Linalool. Kunden, Artikel kauften, folgende Artikel gekauft: Arginin-diet Biofrid Ab 11,90 EUR incl. 7 % UST exkl. Versandkosten Majoranöl, kbA Ab 6,90 EUR incl. 19 % UST exkl. Versandkosten Zitronenöl, kbA Ab 6,50 EUR incl. 19 % UST exkl. Versandkosten Thymianöl (linalol), kbA Ab 11,40 EUR incl. 19 % UST exkl. Versandkosten RMS Biofrid Ab 18,00 EUR incl. 7 % UST exkl. Versandkosten Fischöl Kapseln Biofrid Ab 10,70 EUR incl. 7 % UST exkl. Versandkosten Powered by First-Web * Gilt für Lieferungen Deutschland. Lieferzeiten für Länder Informationen Berechnung Liefertermins siehe </fragment> </item> <item> <fragment> Teebaumöl, kbA - Biofrid-Cosmetic GmbH &amp; Co. KG Herstellung Vertrieb diätetischen, kosmetischen pharmazeutischen Produkten » Startseite Login / Registrierung | Ihre persönliche Seite | Warenkorb | Kasse Suche Literatur Produkte Ätherische/fette Öle Kosmetik Nahrungsergänzung/erg.bil. Diät Liefer- Versandkosten Datenschutz Unsere AGB Impressum Kontakt Widerrufsrecht Widerrufsformular Newsletter Biofrid Cosmetic GmbH &amp; Co.KG Hasseler Steinweg 9 27318 Hoya Postfach 1355 27316 Hoya Telefon 04251 9352-396 Telefax 04251 9352-290 Social Bookmarks [weiter&gt;] [Letztes&gt;&gt;] 54 Artikel Kategorie Teebaumöl, kbA Inhalt: 10 ml Art.Nr.: 93702 PZN: 6872066 Preis: 6,90 EUR PAngV: 69,00 EUR pro 100 ml Gewicht: 0.05 Kg Ab 6,90 EUR incl. 19 % UST exkl. Versandkosten Lieferzeit: 3-7 Werktage* Herkunft: Australien Art Produkts: Ätherisches Öl kontrolliert biologischem Anbau (kbA) Beschreibung: Das Teebaumöl aufgrund typischen strengen, krautig-würzigen Duftes bekannt. Man empfindet erfrischende Klarheit, konzentriertem Denken anregt. Hinweis: Unsere ätherischen fetten Öle kontrolliert biologischem Anbau (kbA) höchster Qualität. Es handelt flüchtige, hochkonzentrierte, ölige Substanzen, unterschiedlichen Herstellungsverfahren - Wasserdampfdestillation kalte Pressung - verschiedenen Pflanzenteilen gewonnen werden. Sie zumeist farblos hinterlassen Regel (außer Kaltpressung) sichtbaren Spuren, verflüchtigt haben. Diese ätherischen Öle 100% naturrein. Der Einsatz ätherischer Öle sparsam bewusst geschehen. Sie dienen Raumbeduftung Luftverbesserung. Sie dürfen unverdünnt Haut Schleimhäuten Kontakt gebracht werden, Reizungen führen können. In Schwangerschaft Kindern besondere Vorsicht geboten. Die angebotenen genuinen ätherischen Öle aufgrund Vielzahl einzigen Pflanze enthaltenen Duftstoffe umfassendes Bouquet. Darauf bezüglich Wahl Herkunftslandes Wert gelegt, Sortiment bewusst knapp gehalten. Aufgrund Lieferengpässen Ernteausfällen Ausnahmefällen Land gewechselt werden. Als Trägeröl bieten Jojobaöl an. Inhalt: Melaleuca alternifolia Blättern Kunden, Artikel kauften, folgende Artikel gekauft: RMS Biofrid Ab 18,00 EUR incl. 7 % UST exkl. Versandkosten Jojobaöl, kbA Ab 6,90 EUR incl. 19 % UST exkl. Versandkosten Didier® Badeperlen Germanium (Beutel) Ab 191,60 EUR incl. 19 % UST exkl. Versandkosten Didier® Hautcreme Germanium Ab 19,90 EUR incl. 19 % UST exkl. Versandkosten Mandarinenöl (rot) kbA Ab 7,70 EUR incl. 19 % UST exkl. Versandkosten Pfefferminzöl, kbA Ab 9,70 EUR incl. 19 % UST exkl. Versandkosten Powered by First-Web * Gilt für Lieferungen Deutschland. Lieferzeiten für Länder Informationen Berechnung Liefertermins siehe </fragment> </item> <item> <fragment> RMS Biofrid - Biofrid-Cosmetic GmbH &amp; Co. KG Herstellung Vertrieb diätetischen, kosmetischen pharmazeutischen Produkten » Home Login / Register | Your account | Shopping Cart | Cash box Search Literature Products Cosmetics Dietary Supplement Essential/fatty oils Shipping &amp; Returns Privacy Notice General terms and conditions Imprint Contact Right of revocation Standard withdrawal form Newsletter Biofrid Cosmetic GmbH &amp; Co.KG Hasseler Steinweg 9 27318 Hoya Postfach 1355 27316 Hoya Telefon 04251 9352-396 Telefax 04251 9352-290 Social Bookmarks [&lt;&lt;First] [&lt;Back] [Next&gt;] [last&gt;&gt;] 54 Articles this categorie RMS Biofrid Volume: 100 ml Product No.: 96707 PZN: 10132470 Price: 18,00 EUR Price reg.: 180,00 EUR per Litre Weight: 0.24 Kg from 18,00 EUR incl. 7 % Tax excl. Shipping costs Shipping time: 3-7 working days* Food Supplement Ingredients Water, lactic acid (25%) Contents: 100 ml (equivalent to 135 daily dosages á 20 drops or 45 daily dosages á 60 drops) Recommended intake: 1-3 times daily 20 drops diluted water or tea. Notice The stated recommended daily intake should not be exceeded. Food supplements should not be used as substitute for balanced and varied diet and healthy life style. Keep out of the reach of small children. Do not take undiluted. Table of nutrients: Nutrient pro 100 ml per 20 drops per 3 20 (= 60) drops L(+)-lactic acid 25 185 mg 555 mg *) *) Reference quantity according to LIMV Table of nutritive value Calorific value 325 kJ/ 2,4 kJ/ 7,2 kJ/ 75 kcal 0,6 kcal 1,7 kcal Fat 0 0 0 * thereof saturated fatty acids 0 0 0 Carbohydrate 0 0 0 * thereof sugar 0 0 0 Protein 0 0 0 Salt 0 0 0 Allergens not contained Producer: Sanum-Kehlbeck GmbH &amp; Co. KG, Hasseler Steinweg 9, 27318 Hoya Customers who bought this product bought the following products: Tea tree, organic from 6,90 EUR incl. 19 % Tax excl. Shipping costs Jojoba, organic from 6,90 EUR incl. 19 % Tax excl. Shipping costs Didier® Evening Primrose Vitamin E Lotion from 10,60 EUR incl. 19 % Tax excl. Shipping costs Nachtkerzenöl Kapseln from 10,20 EUR incl. 7 % Tax excl. Shipping costs Cedar, organic from 8,50 EUR incl. 19 % Tax excl. Shipping costs Didier® Bath Pearls with Germanium from 19,90 EUR incl. 19 % Tax excl. Shipping costs Powered by First-Web * Gilt für Lieferungen Deutschland. Lieferzeiten für Länder Informationen Berechnung Liefertermins siehe </fragment> </item> <item> <fragment> rechtsdrehende Milchsäure RMS Biofrid - Biofrid-Cosmetic GmbH &amp; Co. KG Herstellung Vertrieb diätetischen, kosmetischen pharmazeutischen Produkten » Startseite Login / Registrierung | Ihre persönliche Seite | Warenkorb | Kasse Suche Literatur Produkte Ätherische/fette Öle Kosmetik Nahrungsergänzung/erg.bil. Diät Liefer- Versandkosten Datenschutz Unsere AGB Impressum Kontakt Widerrufsrecht Widerrufsformular Newsletter Biofrid Cosmetic GmbH &amp; Co.KG Hasseler Steinweg 9 27318 Hoya Postfach 1355 27316 Hoya Telefon 04251 9352-396 Telefax 04251 9352-290 Social Bookmarks [&lt;&lt;Erstes] [&lt;zurück] [weiter&gt;] [Letztes&gt;&gt;] 54 Artikel Kategorie RMS Biofrid Inhalt: 100 ml Art.Nr.: 96707 PZN: 10132470 Preis: 18,00 EUR PAngV: 180,00 EUR pro Liter Gewicht: 0.24 Kg Ab 18,00 EUR incl. 7 % UST exkl. Versandkosten Lieferzeit: 3-7 Werktage* Nahrungsergänzungsmittel Zutaten: Wasser, Milchsäure (25 %). Füllmenge: 100 ml (entsprechen 135 Tagesdosen á 20 Tropfen bzw. 45 Tagesdosen á 60 Tropfen) Verzehrempfehlung: 1-3 mal täglich 20 Tropfen verdünnt Wasser Tee einnehmen. Hinweis Die angegebene empfohlene tägliche Verzehrmenge überschritten werden. Nahrungsergänzungsmittel Ersatz für ausgewogene abwechslungsreiche Ernährung gesunde Lebensweise verwendet werden. Bitte außerhalb Reichweite Kindern lagern. Nicht unverdünnt einnehmen. Nährstofftabelle: Nährstoff pro 100 ml pro 20 Tropfen pro 3 20 (= 60) Tropfen L(+)-Milchsäure 25 185 mg 555 mg *) *) Referenzmenge gemäß Lebensmittelinformationsverordnung Nährwerttabelle Brennwert 325 kJ/ 2,4 kJ/ 7,2 kJ/ 75 kcal 0,6 kcal 1,7 kcal Fett 0 0 0 * gesättigte Fettsäuren 0 0 0 Kohlenhydrate 0 0 0 * Zucker 0 0 0 Eiweiß 0 0 0 Salz 0 0 0 Allergene enthalten Hersteller: Sanum-Kehlbeck GmbH &amp; Co. KG, Hasseler Steinweg 9, 27318 Hoya Kunden, Artikel kauften, folgende Artikel gekauft: Teebaumöl, kbA Ab 6,90 EUR incl. 19 % UST exkl. Versandkosten Jojobaöl, kbA Ab 6,90 EUR incl. 19 % UST exkl. Versandkosten Didier® Nachtkerzen-Vitamin E Lotion Ab 10,60 EUR incl. 19 % UST exkl. Versandkosten Nachtkerzenöl Kapseln Ab 10,20 EUR incl. 7 % UST exkl. Versandkosten Zedernöl, kbA Ab 8,50 EUR incl. 19 % UST exkl. Versandkosten Didier® Badeperlen Germanium Ab 19,90 EUR incl. 19 % UST exkl. Versandkosten Powered by First-Web * Gilt für Lieferungen Deutschland. Lieferzeiten für Länder Informationen Berechnung Liefertermins siehe </fragment> </item> <item> <fragment> Selen-Biofrid - Biofrid-Cosmetic GmbH &amp; Co. KG Herstellung Vertrieb diätetischen, kosmetischen pharmazeutischen Produkten » Startseite Login / Registrierung | Ihre persönliche Seite | Warenkorb | Kasse Suche Literatur Produkte Ätherische/fette Öle Kosmetik Nahrungsergänzung/erg.bil. Diät Liefer- Versandkosten Datenschutz Unsere AGB Impressum Kontakt Widerrufsrecht Widerrufsformular Newsletter Biofrid Cosmetic GmbH &amp; Co.KG Hasseler Steinweg 9 27318 Hoya Postfach 1355 27316 Hoya Telefon 04251 9352-396 Telefax 04251 9352-290 Social Bookmarks [&lt;&lt;Erstes] [&lt;zurück] [weiter&gt;] [Letztes&gt;&gt;] 54 Artikel Kategorie Selen-Biofrid 100er 20er Inhalt: 20 Kapseln Art.Nr.: 96601 PZN: 4240988 Preis: 5,50 EUR PAngV: 67,90 EUR pro 100 Gramm Gewicht: 0.03 Kg 100 Kapseln Art.Nr.: 96607 PZN: 4241522 Preis: 15,90 EUR PAngV: 39,36 EUR pro 100 Gramm Gewicht: 0.08 Kg Ab 5,50 EUR incl. 7 % UST exkl. Versandkosten Lieferzeit: 3-7 Werktage* Nahrungsergänzungsmittel L-Selenomethionin Zutaten: Füllstoff Cellulose, Überzugsmittel Hydroxypropylmethylcellulose, Füllstoff Monocalciumphosphat, Trennmittel Magnesiumsalze Speisefettsäuren, L-Selenomethionin. Füllmenge: 8,1 (20 Kapseln) 40,4 (100 Kapseln) Verzehrempfehlung: täglich 1 Kapsel Mahlzeit verzehren Health Claim(s) Unterstützung Zellschutzes funktionsfähigen Immunsystems Verwertung Jod Produktion Schilddrüsenhormonen. Hinweis Selen zählt essentiellen Spurenelementen. Das Gruppe Chalkogene (Erzbildner) zählende Element findet Pflanzen vorzugsweise Form L-Selenomethionin. Im Körper Menschen 20 Milligramm Selen vorhanden. Die Hauptmenge Muskeln lokalisiert. Die höchsten Konzentrationen treten Leber, Niere Milz auf. Selen schützt Körperzellen oxidativen Schädigungen. Selen hilft freie Radikale abzufangen unterstützt Funktion Immunsystems. Der Körper braucht Selen für Verwertung Jod Produktion Schilddrüsenhormonen. Die angegebene empfohlene tägliche Verzehrmenge überschritten werden. Nahrungsergänzungsmittel Ersatz für ausgewogene abwechslungsreiche Ernährung gesunde Lebensweise verwendet werden. Bitte außerhalb Reichweite Kindern lagern. Nährstofftabelle: Nährstoff pro 100 pro Tag (1 Kapsel) % NRV *) Selen 7 mg 30 μg 55% *) Referenzmenge gemäß Lebensmittelinformationsverordnung Nährwerttabelle Brennwert 5,8 kJ/ 1,4 kcal 0 kJ/ 0 kcal Fett 0,2 0 * gesättigte Fettsäuren 0,2 0 Kohlenhydrate 0 0 * Zucker 0 0 Eiweiß 0 0 Salz 0 0 Allergene enthalten Hersteller: Sanum-Kehlbeck GmbH &amp; Co. KG, Hasseler Steinweg 9, 27318 Hoya Kunden, Artikel kauften, folgende Artikel gekauft: Nachtkerzenöl Kapseln Ab 10,20 EUR incl. 7 % UST exkl. Versandkosten Didier® Nachtkerzen-Vitamin E Lotion Ab 10,60 EUR incl. 19 % UST exkl. Versandkosten Didier® Hautcreme Germanium Ab 19,90 EUR incl. 19 % UST exkl. Versandkosten Fischöl Kapseln Biofrid Ab 10,70 EUR incl. 7 % UST exkl. Versandkosten Lavendelöl, kbA Ab 8,50 EUR incl. 19 % UST exkl. Versandkosten EPALIPID® Ab 17,50 EUR incl. 7 % UST exkl. Versandkosten Powered by First-Web * Gilt für Lieferungen Deutschland. Lieferzeiten für Länder Informationen Berechnung Liefertermins siehe </fragment> </item> <item> <fragment> Didier® Nachtkerzen-Vitamin E Lotion - Biofrid-Cosmetic GmbH &amp; Co. KG Herstellung Vertrieb diätetischen, kosmetischen pharmazeutischen Produkten » Startseite Login / Registrierung | Ihre persönliche Seite | Warenkorb | Kasse Suche Literatur Produkte Ätherische/fette Öle Kosmetik Nahrungsergänzung/erg.bil. Diät Liefer- Versandkosten Datenschutz Unsere AGB Impressum Kontakt Widerrufsrecht Widerrufsformular Newsletter Biofrid Cosmetic GmbH &amp; Co.KG Hasseler Steinweg 9 27318 Hoya Postfach 1355 27316 Hoya Telefon 04251 9352-396 Telefax 04251 9352-290 Social Bookmarks [weiter&gt;] [Letztes&gt;&gt;] 54 Artikel Kategorie Didier® Nachtkerzen-Vitamin E Lotion Inhalt: 250 ml Art.Nr.: 05060250 PZN: 6983794 Preis: 10,60 EUR PAngV: 4,24 EUR pro 100 ml Gewicht: 0.3 Kg Ab 10,60 EUR incl. 19 % UST exkl. Versandkosten Lieferzeit: 3-7 Werktage* Art Produkts: Lotion Beschreibung: Milde, angenehm duftende Körperlotion für Hauttyp • schützt Feuchtigkeitsverlust Austrocknung • enthält Nachtkerzenöl, Vitamin E, Hamamelisextrakt, Glycerin Allantoin • bietet optimalen Schutz gegenüber schädlichen Umwelteinflüssen &amp; wirkt vorzeitiger Hautalterung entgegen Nachtkerzen-Vitamin E Lotion schützt Haut Feuchtigkeitsverlust wirkt Austrocknung entgegen. Wertvolle Inhaltsstoffe Nachtkerzenöl, Vitamin E, Hamamelisextrakt, Glycerin Allantoin pflegen Haut umfassend glatt geschmeidig. Regelmäßig angewandt, bietet Nachtkerzen-Vitamin E Lotion optimalen Schutz gegenüber schädlichen Umwelteinflüssen beugt vorzeitiger Hautalterung vor. Die natürliche Zartheit Elastizität Haut bleibt länger erhalten. Wenden Sie Körperlotion täglich Baden, Duschen Sonnenbaden massieren Sie sanft Haut ein. Inhalt: 250 ml Spender Inhaltsstoffe: Water (aqua), Mineral Oil (paraffinum liquidum), Isopropyl Palmitate, Trilaureth-4 Phosphate, Glycerin, Evening Primrose (oenothera biennis) Oil, Tocopheryl Acetate, Sodium Carbomer, Caprylic/Capric Triglyceride, Propylene Glycol, Witch Hazel (hamamelis virginiana), Alcohol denat., Fragrance (parfum), Decyl Oleate, Allantoin, Benzyl Alcohol, Konservierungsstoff, Methychloroisothiazolinone, Methylisothiazolinone Kunden, Artikel kauften, folgende Artikel gekauft: Didier® Badeperlen Germanium Ab 19,90 EUR incl. 19 % UST exkl. Versandkosten Zink-diet Biofrid Ab 9,00 EUR incl. 7 % UST exkl. Versandkosten Selen-Biofrid Ab 5,50 EUR incl. 7 % UST exkl. Versandkosten Rosengeranienöl, kbA Ab 7,70 EUR incl. 19 % UST exkl. Versandkosten Cajeputöl, kbA Ab 6,90 EUR incl. 19 % UST exkl. Versandkosten RMS Biofrid Ab 18,00 EUR incl. 7 % UST exkl. Versandkosten Powered by First-Web * Gilt für Lieferungen Deutschland. Lieferzeiten für Länder Informationen Berechnung Liefertermins siehe </fragment> </item> <item> <fragment> Didier® Nachtkerzen-Vitamin E-Creme - Biofrid-Cosmetic GmbH &amp; Co. KG Herstellung Vertrieb diätetischen, kosmetischen pharmazeutischen Produkten » Startseite Login / Registrierung | Ihre persönliche Seite | Warenkorb | Kasse Suche Literatur Produkte Ätherische/fette Öle Kosmetik Nahrungsergänzung/erg.bil. Diät Liefer- Versandkosten Datenschutz Unsere AGB Impressum Kontakt Widerrufsrecht Widerrufsformular Newsletter Biofrid Cosmetic GmbH &amp; Co.KG Hasseler Steinweg 9 27318 Hoya Postfach 1355 27316 Hoya Telefon 04251 9352-396 Telefax 04251 9352-290 Social Bookmarks [weiter&gt;] [Letztes&gt;&gt;] 54 Artikel Kategorie Didier® Nachtkerzen-Vitamin E-Creme bisheriges Design (120 ml) Inhalt: 100 ml Art.Nr.: 98403 PZN: 9372677 Preis: 7,50 EUR PAngV: 7,50 EUR pro 100 ml Gewicht: 0.14 Kg Ab 7,50 EUR incl. 19 % UST exkl. Versandkosten Lieferzeit: 3-7 Werktage* Art Produkts: Creme Beschreibung: Die Wirkung Nachkerzenöls kannten Indianer Nordamerikas: Sie sammelten Samen, zerstampfen Brei Hautausschläge einzusetzen. Dieses Öl reich wertvollen, essentiellen Fettsäuren. Speziell Nachtkerzenöl enthaltene Gamma-Linolensäure ausreichend Körper gebildet. Viele Menschen leiden zudem trockener, schuppiger Haut. Die Anwendung Nachtkerzenöl spendet nötige Feuchtigkeit verleiht Haut gepflegtes Aussehen. Die Haut zart geschmeidig. Auch Schuppenflechte Neurodermitis Öl Nachtkerze unterstützenden Pflege geeignet. Didier® Nachtkerzen-Vitamin E-Creme bietet normalen, trockenen, empfindlichen reifen, frühzeitiger Hautalterung neigenden Haut optimalen Schutz gegenüber schädlichen Umwelteinflüssen verleiht gepflegtes Aussehen strahlenden Teint. Wertvolle Inhaltsstoffe pflegen Haut umfassend glatt geschmeidig. Die Creme schützt Feuchtigkeitsverlust wirkt Austrocknung Haut entgegen. So hilft sie, natürliche Zartheit Elastizität aufrechtzuerhalten. Tragen Sie Didier® Nachtkerzen-Vitamin E-Creme abends Gesicht, Hals Dekolleté massieren sanft ein. Hinweis: • verleiht Haut gepflegtes Aussehen strahlenden Teint • schützt Feuchtigkeitsverlust wirkt Austrocknung Haut entgegen Nachtkerzen-Vitamin E Creme eignet feuchtigkeitsspendende Gesichtsmaske. Tragen Sie Creme großzügig Gesicht Hals auf. Die Haut zart geschmeidig. Inhaltsstoffe: Water (aqua), Isopropyl Palpitate, Polyglyceryl-2 Sesquiisostearate, Mineral Oil (paraffinum liquidum), Microcrystalline Wax (cera microcristallina), Paraffin, Magnesium Stearate, Bees wax (cera alba), Aluminum Stearate, Polyethylene, Evening primrose (oenothera biennis) Oil, Tocopheryl Acetate, Glycerin, PEG-7 Hydrogenated Castor Oil, Bees Wax (cera flava), Magnesium Sulfate, Fragrance (parfum), Benzyl Alcohol, Methylchloroisothiazolinone, Methylisothiazolinone, Allantoin Kunden, Artikel kauften, folgende Artikel gekauft: Nachtkerzenöl Kapseln Ab 10,20 EUR incl. 7 % UST exkl. Versandkosten Didier® Badeperlen Germanium Ab 19,90 EUR incl. 19 % UST exkl. Versandkosten Zink-diet Biofrid Ab 9,00 EUR incl. 7 % UST exkl. Versandkosten Fischöl Kapseln Biofrid Ab 10,70 EUR incl. 7 % UST exkl. Versandkosten Majoranöl, kbA Ab 6,90 EUR incl. 19 % UST exkl. Versandkosten Thymianöl (linalol), kbA Ab 11,40 EUR incl. 19 % UST exkl. Versandkosten Powered by First-Web * Gilt für Lieferungen Deutschland. Lieferzeiten für Länder Informationen Berechnung Liefertermins siehe </fragment> </item> <item> <fragment> Zinc-diet Biofrid - Biofrid-Cosmetic GmbH &amp; Co. KG Herstellung Vertrieb diätetischen, kosmetischen pharmazeutischen Produkten » Home Login / Register | Your account | Shopping Cart | Cash box Search Literature Products Cosmetics Dietary Supplement Essential/fatty oils Shipping &amp; Returns Privacy Notice General terms and conditions Imprint Contact Right of revocation Standard withdrawal form Newsletter Biofrid Cosmetic GmbH &amp; Co.KG Hasseler Steinweg 9 27318 Hoya Postfach 1355 27316 Hoya Telefon 04251 9352-396 Telefax 04251 9352-290 Social Bookmarks [&lt;&lt;First] [&lt;Back] [Next&gt;] [last&gt;&gt;] 54 Articles this categorie Zinc-diet Biofrid 100er 40er Volume: 40 Capsules Product No.: 94802 PZN: 09192610 Price: 9,00 EUR Price reg.: 76,27 EUR per 100 Gramme Weight: 0.04 Kg 100 Capsules Product No.: 94807 PZN: 09192627 Price: 15,50 EUR Price reg.: 52,54 EUR per 100 Gramme Weight: 0.07 Kg from 9,00 EUR incl. 7 % Tax excl. Shipping costs Shipping time: 3-7 working days* Dietary Supplement for special medical purposes (balanced diet) Ingredients filler material cellulose, coating hydroxypropylmethylcellulose, zinc gluconate, Separating medium magnesium salts of edible fatty acids Contents: 11,8 (40 Capsules) according to 20 daily dosages á 2 capsules 29,5 (100 Kapseln) according to 50 daily dosages á 2 capsules Recommended intake: twice day 1 capsule to be taken with one meal Purpose of inflammable and allergic skin disorders (e. g. neurodermatitis) and hair loss (e. g. Alopecia areata) Notice Zinc is of central importance for the normal development and function of the skin and the integumentary appendage. The trace element Zinc is component of numerous vital enzymes and is required for the function of several hormones. As the body cannot produce zinc and store it for long periods, it should be included healthy and balanced diet. Zinc works as antioxidant the body and defends it from free radicals. Zinc is organically bound Zinc gluconate and is well tolerated. Zinc-diet is for adults only and as additional balanced diet is only to be used under medical supervision. Because there is no experience with pregnant and breastfeeding women, this group should note use Zinc-diet. Zinc-diet is not to be taken cases of heavy injury to the renal parenchyma and acute kidney failure. This dietary supplement is not replacement for diversified and balanced diet and healthy lifestyle. Do not exceed the recommended daily dose. Keep away from children. Table of nutrients: Nutrient per (100 g) per Portion (1 Capsule) per Day (2 Capsules) Zinc 2,5 7,5 mg 15,0 mg Table of nutritive value Calorific value 24,8 kJ/ 6,0 kcal 0,1 kJ/ Fat 0,7 * thereof saturated fatty acids 0,7 Carbohydrate 0 0 0 * thereof sugar 0 0 0 Protein 0 0 0 Salt 0 0 0 Allergene not contained Producer: Sanum-Kehlbeck GmbH &amp; Co. KG, Hasseler Steinweg 9, 27318 Hoya Customers who bought this product bought the following products: Nachtkerzenöl Kapseln from 10,20 EUR incl. 7 % Tax excl. Shipping costs Didier® Evening Primrose Vitamin E Creme from 7,50 EUR incl. 19 % Tax excl. Shipping costs Didier® Evening Primrose Vitamin E Lotion from 10,60 EUR incl. 19 % Tax excl. Shipping costs Didier® Skin Moisturising Cream with Germanium from 19,90 EUR incl. 19 % Tax excl. Shipping costs Palmarosa, organic from 5,90 EUR incl. 19 % Tax excl. Shipping costs Cajeput, organic from 6,90 EUR incl. 19 % Tax excl. Shipping costs Powered by First-Web * Gilt für Lieferungen Deutschland. Lieferzeiten für Länder Informationen Berechnung Liefertermins siehe </fragment> </item> <item> <fragment> Zink-diet Biofrid - Biofrid-Cosmetic GmbH &amp; Co. KG Herstellung Vertrieb diätetischen, kosmetischen pharmazeutischen Produkten » Startseite Login / Registrierung | Ihre persönliche Seite | Warenkorb | Kasse Suche Literatur Produkte Ätherische/fette Öle Kosmetik Nahrungsergänzung/erg.bil. Diät Liefer- Versandkosten Datenschutz Unsere AGB Impressum Kontakt Widerrufsrecht Widerrufsformular Newsletter Biofrid Cosmetic GmbH &amp; Co.KG Hasseler Steinweg 9 27318 Hoya Postfach 1355 27316 Hoya Telefon 04251 9352-396 Telefax 04251 9352-290 Social Bookmarks [&lt;&lt;Erstes] [&lt;zurück] [weiter&gt;] [Letztes&gt;&gt;] 54 Artikel Kategorie Zink-diet Biofrid 100er 40er Inhalt: 40 Kapseln Art.Nr.: 94802 PZN: 09192610 Preis: 9,00 EUR PAngV: 76,27 EUR pro 100 Gramm Gewicht: 0.04 Kg 100 Kapseln Art.Nr.: 94807 PZN: 09192627 Preis: 15,50 EUR PAngV: 52,54 EUR pro 100 Gramm Gewicht: 0.07 Kg Ab 9,00 EUR incl. 7 % UST exkl. Versandkosten Lieferzeit: 3-7 Werktage* Diätetisches Lebensmittel für besondere medizinische Zwecke (bilanzierte Diät) Zutaten: Füllstoff Cellulose, Überzugsmittel Hydroxypropylmethylcellulose, Zinkgluconat, Trennmittel Magnesiumsalze Speisefettsäuren Füllmenge: 11,8 (40 Kapseln) entsprechen 20 Tagesdosen á 2 Kapseln 29,5 (100 Kapseln) entsprechen 50 Tagesdosen á 2 Kapseln Verzehrempfehlung: 2 mal täglich 1 Kapsel Mahlzeit verzehren Zweckbestimmung Zur diätetischen Behandlung entzündlichen allergischen Hauterkrankungen (z.B. Neurodermitis) Haarausfall (z.B. Alopecia areata) Zufuhr Zink. Hinweis Zink für normale Entwicklung Funktion Haut Hautanhangsgebilde zentraler Bedeutung. Das Spurenelement Zink Bestandteil zahlreicher lebensnotwendiger Enzyme für Funktion Hormone benötigt. Zink Körper hergestellt gespeichert werden. Es über gesunde ausgewogene Ernährung zugeführt werden. Ein Mangel Zink Störungen Hautstoffwechsels Bildung Haaren Nägeln führen. Im Körper wirkt Zink Antioxidans schützt freien Radikalen. In Zinkgluconat Zink organisch gebunden Körper aufgenommen werden. Zink-diet für Erwachsene bestimmt ergänzende bilanzierte Diät ärztlicher Aufsicht verwendet werden. Da Erfahrungen Schwangeren stillenden Frauen vorliegen, Personengruppe Verzehr Zink-diet abzuraten. Zink-diet schweren Schäden Nierenparenchyms akutem Nierenversagen anzuwenden. Dieses diätetische Lebensmittel Ersatz für abwechslungsreiche ausgewogene Ernährung gesunde Lebensweise. Die angegebene Tagesdosis überschreiten. Für Kinder unzugänglich aufbewahren. Nährstofftabelle: Nährstoff pro (100 g) pro Portion (1 Kapseln) pro Tag (2 Kapseln) Zink 2,5 7,5 mg 15,0 mg Nährwerttabelle Brennwert 24,8 kJ/ 6,0 kcal 0,1 kJ/ Fett 0,7 * gesättigte Fettsäuren 0,7 Kohlenhydrate 0 0 0 * Zucker 0 0 0 Eiweiß 0 0 0 Salz 0 0 0 Allergene enthalten Hersteller: Sanum-Kehlbeck GmbH &amp; Co. KG, Hasseler Steinweg 9, 27318 Hoya Kunden, Artikel kauften, folgende Artikel gekauft: Nachtkerzenöl Kapseln Ab 10,20 EUR incl. 7 % UST exkl. Versandkosten Didier® Nachtkerzen-Vitamin E-Creme Ab 7,50 EUR incl. 19 % UST exkl. Versandkosten Didier® Nachtkerzen-Vitamin E Lotion Ab 10,60 EUR incl. 19 % UST exkl. Versandkosten Didier® Hautcreme Germanium Ab 19,90 EUR incl. 19 % UST exkl. Versandkosten Palmarosaöl, kbA Ab 5,90 EUR incl. 19 % UST exkl. Versandkosten Cajeputöl, kbA Ab 6,90 EUR incl. 19 % UST exkl. Versandkosten Powered by First-Web * Gilt für Lieferungen Deutschland. Lieferzeiten für Länder Informationen Berechnung Liefertermins siehe </fragment> </item> <item> <fragment> Didier® Hautcreme Germanium - Biofrid-Cosmetic GmbH &amp; Co. KG Herstellung Vertrieb diätetischen, kosmetischen pharmazeutischen Produkten » Startseite Login / Registrierung | Ihre persönliche Seite | Warenkorb | Kasse Suche Literatur Produkte Ätherische/fette Öle Kosmetik Nahrungsergänzung/erg.bil. Diät Liefer- Versandkosten Datenschutz Unsere AGB Impressum Kontakt Widerrufsrecht Widerrufsformular Newsletter Biofrid Cosmetic GmbH &amp; Co.KG Hasseler Steinweg 9 27318 Hoya Postfach 1355 27316 Hoya Telefon 04251 9352-396 Telefax 04251 9352-290 Social Bookmarks [&lt;&lt;Erstes] [&lt;zurück] [weiter&gt;] [Letztes&gt;&gt;] 48 Artikel Kategorie Didier® Hautcreme Germanium Inhalt: 50 ml Art.Nr.: 27020050 PZN: 3919005 Preis: 19,90 EUR PAngV: 39,80 EUR pro 100 ml Gewicht: 0.16 Kg Ab 19,90 EUR incl. 19 % UST exkl. Versandkosten Lieferzeit: 3-7 Werktage* Art Produkts: Creme Verwendungszweck: Ausgleichende Feuchtigkeitscreme für Hauttyp Sanumgerman Beschreibung: • verleiht gepflegtes Aussehen strahlenden Teint • spendet Feuchtigkeit für empfindliche Haut geeignet • enthält Germanium, Nachtkerzenöl, Allantoin, Vitamin E Panthenol Didier® Hautcreme Germanium hochwertige Feuchtigkeitscreme Tages- Nachtpflege für Hauttyp eignet insbesondere für reife empfindliche Haut. Die Kombination Sanumgerman Nachtkerzenöl Haut straffenden Feuchtigkeit spendenden Eigenschaften sorgt für Kräftigung Hautstruktur. Wertvolle Zusätze Vitamin E, Allantoin Panthenol runden perfekte Dosierung ausgleichenden Pflegecreme ab. Die fettende, zart schmelzende Creme Haut glatt geschmeidig verleiht strahlendes Aussehen. Zur Steigerung pflegenden Wirkung empfehlen zusätzlich Verwendung Didier® Badeperlen Germanium . Zur Steigerung pflegenden Wirkung empfehlen zusätzlich Verwendung Didier® Badeperlen Germanium. Anwendung: Morgens abends sparsam Gesicht, Hals Dekolleté auftragen sanft einmassieren. Hinweis: Parfum Inhaltsstoffe: Aqua (Water), Cocos Nucifera (Coconut) Oil, Aloe Barbadensis Leaf Juice, Cetearyl Alcohol, Macadamia Integrifolia Seed Oil, Butyrospermum Parkii (Shea) Butter, Glycerin, Dicaprylyl Ether, Argania Spinosa Kernel Oil, Glyceryl Stearate, Panthenol, Tocopheryl Acetate, Cetearyl Glucoside, Oenothera Biennis (Eyening Primrose) Oil, Germanium-Citrate-Lactate Powder, Sodium Hyaluronate, Allantoin, Helianthus Annuus (Sunflower) Seed Oil, Glyceryl Caprylate, Medicago Sativa (Alfalfa) Extract, Sodium Stearoyl Glutamate, Sodium Levulinate, Levulinic Acid, Tocopherol, Ascorbyl Palmitate, Sodium Phytate, Alcohol, Citric Acid, Sodium Benzoate, Potassium Sorbate. Kunden, Artikel kauften, folgende Artikel gekauft: Cajeputöl, kbA Ab 6,90 EUR incl. 19 % UST exkl. Versandkosten Rosengeranienöl, kbA Ab 7,70 EUR incl. 19 % UST exkl. Versandkosten Palmarosaöl, kbA Ab 5,90 EUR incl. 19 % UST exkl. Versandkosten Jojobaöl, kbA Ab 6,90 EUR incl. 19 % UST exkl. Versandkosten Zink-diet Biofrid Ab 9,00 EUR incl. 7 % UST exkl. Versandkosten Selen-Biofrid Ab 5,50 EUR incl. 7 % UST exkl. Versandkosten Powered by First-Web * Gilt für Lieferungen Deutschland. Lieferzeiten für Länder Informationen Berechnung Liefertermins siehe </fragment> </item> <item> <fragment> Didier® Nachtkerzen-Vitamin E Lotion - Biofrid-Cosmetic GmbH &amp; Co. KG Herstellung Vertrieb diätetischen, kosmetischen pharmazeutischen Produkten » Startseite Login / Registrierung | Ihre persönliche Seite | Warenkorb | Kasse Suche Literatur Produkte Ätherische/fette Öle Kosmetik Nahrungsergänzung/erg.bil. Diät Liefer- Versandkosten Datenschutz Unsere AGB Impressum Kontakt Widerrufsrecht Widerrufsformular Newsletter Biofrid Cosmetic GmbH &amp; Co.KG Hasseler Steinweg 9 27318 Hoya Postfach 1355 27316 Hoya Telefon 04251 9352-396 Telefax 04251 9352-290 Social Bookmarks [&lt;&lt;Erstes] [&lt;zurück] 48 Artikel Kategorie Didier® Nachtkerzen-Vitamin E Lotion Inhalt: 250 ml Art.Nr.: 05060250 PZN: 6983794 Preis: 10,60 EUR PAngV: 4,24 EUR pro 100 ml Gewicht: 0.3 Kg Ab 10,60 EUR incl. 19 % UST exkl. Versandkosten Lieferzeit: 3-7 Werktage* Art Produkts: Lotion Beschreibung: Milde, angenehm duftende Körperlotion für Hauttyp • schützt Feuchtigkeitsverlust Austrocknung • enthält Nachtkerzenöl, Vitamin E, Hamamelisextrakt, Glycerin Allantoin • bietet optimalen Schutz gegenüber schädlichen Umwelteinflüssen &amp; wirkt vorzeitiger Hautalterung entgegen Nachtkerzen-Vitamin E Lotion schützt Haut Feuchtigkeitsverlust wirkt Austrocknung entgegen. Wertvolle Inhaltsstoffe Nachtkerzenöl, Vitamin E, Hamamelisextrakt, Glycerin Allantoin pflegen Haut umfassend glatt geschmeidig. Regelmäßig angewandt, bietet Nachtkerzen-Vitamin E Lotion optimalen Schutz gegenüber schädlichen Umwelteinflüssen beugt vorzeitiger Hautalterung vor. Die natürliche Zartheit Elastizität Haut bleibt länger erhalten. Wenden Sie Körperlotion täglich Baden, Duschen Sonnenbaden massieren Sie sanft Haut ein. Inhalt: 250 ml Spender Inhaltsstoffe: Water (aqua), Mineral Oil (paraffinum liquidum), Isopropyl Palmitate, Trilaureth-4 Phosphate, Glycerin, Evening Primrose (oenothera biennis) Oil, Tocopheryl Acetate, Sodium Carbomer, Caprylic/Capric Triglyceride, Propylene Glycol, Witch Hazel (hamamelis virginiana), Alcohol denat., Fragrance (parfum), Decyl Oleate, Allantoin, Benzyl Alcohol, Konservierungsstoff, Methychloroisothiazolinone, Methylisothiazolinone Kunden, Artikel kauften, folgende Artikel gekauft: Didier® Badeperlen Germanium Ab 19,90 EUR incl. 19 % UST exkl. Versandkosten Zink-diet Biofrid Ab 9,00 EUR incl. 7 % UST exkl. Versandkosten Selen-Biofrid Ab 5,50 EUR incl. 7 % UST exkl. Versandkosten Rosengeranienöl, kbA Ab 7,70 EUR incl. 19 % UST exkl. Versandkosten Cajeputöl, kbA Ab 6,90 EUR incl. 19 % UST exkl. Versandkosten RMS Biofrid Ab 18,00 EUR incl. 7 % UST exkl. Versandkosten Powered by First-Web * Gilt für Lieferungen Deutschland. Lieferzeiten für Länder Informationen Berechnung Liefertermins siehe </fragment> </item> <item> <fragment> Didier® Nachtkerzen-Vitamin E-Creme - Biofrid-Cosmetic GmbH &amp; Co. KG Herstellung Vertrieb diätetischen, kosmetischen pharmazeutischen Produkten » Startseite Login / Registrierung | Ihre persönliche Seite | Warenkorb | Kasse Suche Literatur Produkte Ätherische/fette Öle Kosmetik Nahrungsergänzung/erg.bil. Diät Liefer- Versandkosten Datenschutz Unsere AGB Impressum Kontakt Widerrufsrecht Widerrufsformular Newsletter Biofrid Cosmetic GmbH &amp; Co.KG Hasseler Steinweg 9 27318 Hoya Postfach 1355 27316 Hoya Telefon 04251 9352-396 Telefax 04251 9352-290 Social Bookmarks [&lt;&lt;Erstes] [&lt;zurück] [weiter&gt;] [Letztes&gt;&gt;] 48 Artikel Kategorie Didier® Nachtkerzen-Vitamin E-Creme bisheriges Design (120 ml) Inhalt: 100 ml Art.Nr.: 98403 PZN: 9372677 Preis: 7,50 EUR PAngV: 7,50 EUR pro 100 ml Gewicht: 0.14 Kg Ab 7,50 EUR incl. 19 % UST exkl. Versandkosten Lieferzeit: 3-7 Werktage* Art Produkts: Creme Beschreibung: Die Wirkung Nachkerzenöls kannten Indianer Nordamerikas: Sie sammelten Samen, zerstampfen Brei Hautausschläge einzusetzen. Dieses Öl reich wertvollen, essentiellen Fettsäuren. Speziell Nachtkerzenöl enthaltene Gamma-Linolensäure ausreichend Körper gebildet. Viele Menschen leiden zudem trockener, schuppiger Haut. Die Anwendung Nachtkerzenöl spendet nötige Feuchtigkeit verleiht Haut gepflegtes Aussehen. Die Haut zart geschmeidig. Auch Schuppenflechte Neurodermitis Öl Nachtkerze unterstützenden Pflege geeignet. Didier® Nachtkerzen-Vitamin E-Creme bietet normalen, trockenen, empfindlichen reifen, frühzeitiger Hautalterung neigenden Haut optimalen Schutz gegenüber schädlichen Umwelteinflüssen verleiht gepflegtes Aussehen strahlenden Teint. Wertvolle Inhaltsstoffe pflegen Haut umfassend glatt geschmeidig. Die Creme schützt Feuchtigkeitsverlust wirkt Austrocknung Haut entgegen. So hilft sie, natürliche Zartheit Elastizität aufrechtzuerhalten. Tragen Sie Didier® Nachtkerzen-Vitamin E-Creme abends Gesicht, Hals Dekolleté massieren sanft ein. Hinweis: • verleiht Haut gepflegtes Aussehen strahlenden Teint • schützt Feuchtigkeitsverlust wirkt Austrocknung Haut entgegen Nachtkerzen-Vitamin E Creme eignet feuchtigkeitsspendende Gesichtsmaske. Tragen Sie Creme großzügig Gesicht Hals auf. Die Haut zart geschmeidig. Inhaltsstoffe: Water (aqua), Isopropyl Palpitate, Polyglyceryl-2 Sesquiisostearate, Mineral Oil (paraffinum liquidum), Microcrystalline Wax (cera microcristallina), Paraffin, Magnesium Stearate, Bees wax (cera alba), Aluminum Stearate, Polyethylene, Evening primrose (oenothera biennis) Oil, Tocopheryl Acetate, Glycerin, PEG-7 Hydrogenated Castor Oil, Bees Wax (cera flava), Magnesium Sulfate, Fragrance (parfum), Benzyl Alcohol, Methylchloroisothiazolinone, Methylisothiazolinone, Allantoin Kunden, Artikel kauften, folgende Artikel gekauft: Nachtkerzenöl Kapseln Ab 10,20 EUR incl. 7 % UST exkl. Versandkosten Didier® Badeperlen Germanium Ab 19,90 EUR incl. 19 % UST exkl. Versandkosten Zink-diet Biofrid Ab 9,00 EUR incl. 7 % UST exkl. Versandkosten Fischöl Kapseln Biofrid Ab 10,70 EUR incl. 7 % UST exkl. Versandkosten Majoranöl, kbA Ab 6,90 EUR incl. 19 % UST exkl. Versandkosten Thymianöl (linalol), kbA Ab 11,40 EUR incl. 19 % UST exkl. Versandkosten Powered by First-Web * Gilt für Lieferungen Deutschland. Lieferzeiten für Länder Informationen Berechnung Liefertermins siehe </fragment> </item> <item> <fragment> Didier® Badeperlen Germanium (Beutel) - Biofrid-Cosmetic GmbH &amp; Co. KG Herstellung Vertrieb diätetischen, kosmetischen pharmazeutischen Produkten » Startseite Login / Registrierung | Ihre persönliche Seite | Warenkorb | Kasse Suche Literatur Produkte Ätherische/fette Öle Kosmetik Nahrungsergänzung/erg.bil. Diät Liefer- Versandkosten Datenschutz Unsere AGB Impressum Kontakt Widerrufsrecht Widerrufsformular Newsletter Biofrid Cosmetic GmbH &amp; Co.KG Hasseler Steinweg 9 27318 Hoya Postfach 1355 27316 Hoya Telefon 04251 9352-396 Telefax 04251 9352-290 Social Bookmarks [&lt;&lt;Erstes] [&lt;zurück] [weiter&gt;] [Letztes&gt;&gt;] 48 Artikel Kategorie Didier® Badeperlen Germanium (Beutel) Inhalt: 200 Perlen Art.Nr.: 27535200 Preis: 191,60 EUR PAngV: 0,96 EUR pro Stück Gewicht: 0.9 Kg Ab 191,60 EUR incl. 19 % UST exkl. Versandkosten Lieferzeit: 3-7 Werktage* Art Produkts: Badeperlen Beschreibung: Entspannung Pflege einem. Didier® Badeperlen Germanium für Hauttyp verträglich. Didier® Badeperlen Germanium ausgewählten Inhaltsstoffen hochwertige Pflege für Ihre Haut, wohltuende Art nachhaltig angeregt belebt. Sanumgerman gehört wichtigsten Bestandteilen ausgewogenen pflegenden Komposition, erstmalig Firmengruppe patentiert wurde. Die wohltuenden Inhaltsstoffe Didier® Badeperlen Germanium verteilen Auflösen Kapseln angenehm Hautfläche. Das Zusammenspiel wohlig warmen Bades Didier® Badeperlen Germanium führt entspannenden nachhaltig hautpflegenden Wirkung. Germanium Badeperlen wahre "Perlen", die, regelmäßig angewendet, beitragen, Spannkraft Frische wiederzugewinnen bewahren. Anwendung: 1x wöchentlich Vollbad 1–2 Didier® Badeperlen Hinweis: Zur Steigerung pflegenden Wirkung empfehlen zusätzlich Verwendung Didier® Hautcreme Germanium . Inhalt: 100 / 200 Badeperlen Beutel Inhaltsstoffe: Isopropyl Myristate, Gelatin, Parfum, Silica, Glycerin, Germanium-Citrate-Lactate Powder, Linalool, Limonene, Hexyl Cinnamal, Citronellol, Cinnamyl Alcohol, Eugenol, Alpha-Isomethyl Ionone, Hydroxyisohexyl 3-Cyclohexene Carboxaldehyde, Ethylparaben, Propylparaben, Denatonium Benzoate, CI 77492 Kunden, Artikel kauften, folgende Artikel gekauft: Didier® Nachtkerzen-Vitamin E Lotion Ab 10,60 EUR incl. 19 % UST exkl. Versandkosten Teebaumöl, kbA Ab 6,90 EUR incl. 19 % UST exkl. Versandkosten Zedernöl, kbA Ab 8,50 EUR incl. 19 % UST exkl. Versandkosten Didier® Badeperlen Germanium Ab 19,90 EUR incl. 19 % UST exkl. Versandkosten Zimtblätteröl, kbA Ab 4,00 EUR incl. 19 % UST exkl. Versandkosten Didier® Hautcreme Germanium Ab 19,90 EUR incl. 19 % UST exkl. Versandkosten Powered by First-Web * Gilt für Lieferungen Deutschland. Lieferzeiten für Länder Informationen Berechnung Liefertermins siehe </fragment> </item> <item> <fragment> Didier® Badeperlen Germanium - Biofrid-Cosmetic GmbH &amp; Co. KG Herstellung Vertrieb diätetischen, kosmetischen pharmazeutischen Produkten » Startseite Login / Registrierung | Ihre persönliche Seite | Warenkorb | Kasse Suche Literatur Produkte Ätherische/fette Öle Kosmetik Nahrungsergänzung/erg.bil. Diät Liefer- Versandkosten Datenschutz Unsere AGB Impressum Kontakt Widerrufsrecht Widerrufsformular Newsletter Biofrid Cosmetic GmbH &amp; Co.KG Hasseler Steinweg 9 27318 Hoya Postfach 1355 27316 Hoya Telefon 04251 9352-396 Telefax 04251 9352-290 Social Bookmarks [&lt;&lt;Erstes] [&lt;zurück] [weiter&gt;] [Letztes&gt;&gt;] 48 Artikel Kategorie Didier® Badeperlen Germanium Inhalt: 15 Perlen Art.Nr.: 27535015 PZN: 3919011 Preis: 19,90 EUR PAngV: 1,33 EUR pro Stück Gewicht: 0.33 Kg Ab 19,90 EUR incl. 19 % UST exkl. Versandkosten Lieferzeit: 3-7 Werktage* Art Produkts: Badeperlen Beschreibung: Entspannung Pflege einem. Didier® Badeperlen Germanium für Hauttyp verträglich. Didier® Badeperlen Germanium ausgewählten Inhaltsstoffen hochwertige Pflege für Ihre Haut, wohltuende Art nachhaltig angeregt belebt. Sanumgerman gehört wichtigsten Bestandteilen ausgewogenen pflegenden Komposition, erstmalig Firmengruppe patentiert wurde. Die wohltuenden Inhaltsstoffe Didier® Badeperlen Germanium verteilen Auflösen Kapseln angenehm Hautfläche. Das Zusammenspiel wohlig warmen Bades Didier® Badeperlen Germanium führt entspannenden nachhaltig hautpflegenden Wirkung. Germanium Badeperlen wahre "Perlen", die, regelmäßig angewendet, beitragen, Spannkraft Frische wiederzugewinnen bewahren. Anwendung: 1x wöchentlich Vollbad 1–2 Didier® Badeperlen Hinweis: Zur Steigerung pflegenden Wirkung empfehlen zusätzlich Verwendung Didier® Hautcreme Germanium . Inhalt: Schmuckglas 15 Badeperlen Inhaltsstoffe: Isopropyl Myristate, Gelatin, Parfum, Silica, Glycerin, Germanium-Citrate-Lactate Powder, Linalool, Limonene, Hexyl Cinnamal, Citronellol, Cinnamyl Alcohol, Eugenol, Alpha-Isomethyl Ionone, Hydroxyisohexyl 3-Cyclohexene Carboxaldehyde, Ethylparaben, Propylparaben, Denatonium Benzoate, CI 77492 Kunden, Artikel kauften, folgende Artikel gekauft: Ringelblumen Creme Biofrid Ab 6,90 EUR incl. 19 % UST exkl. Versandkosten Didier® Nachtkerzen-Vitamin E Lotion Ab 10,60 EUR incl. 19 % UST exkl. Versandkosten Arnica Creme Biofrid Ab 6,90 EUR incl. 19 % UST exkl. Versandkosten Didier® Nachtkerzen-Vitamin E-Creme Ab 7,50 EUR incl. 19 % UST exkl. Versandkosten Zitronenöl, kbA Ab 6,50 EUR incl. 19 % UST exkl. Versandkosten Mandarinenöl (rot) kbA Ab 7,70 EUR incl. 19 % UST exkl. Versandkosten Powered by First-Web * Gilt für Lieferungen Deutschland. Lieferzeiten für Länder Informationen Berechnung Liefertermins siehe </fragment> </item> <item> <fragment> Ringelblumen Creme Biofrid - Biofrid-Cosmetic GmbH &amp; Co. KG Herstellung Vertrieb diätetischen, kosmetischen pharmazeutischen Produkten » Startseite Login / Registrierung | Ihre persönliche Seite | Warenkorb | Kasse Suche Literatur Produkte Ätherische/fette Öle Kosmetik Nahrungsergänzung/erg.bil. Diät Liefer- Versandkosten Datenschutz Unsere AGB Impressum Kontakt Widerrufsrecht Widerrufsformular Newsletter Biofrid Cosmetic GmbH &amp; Co.KG Hasseler Steinweg 9 27318 Hoya Postfach 1355 27316 Hoya Telefon 04251 9352-396 Telefax 04251 9352-290 Social Bookmarks [&lt;&lt;Erstes] [&lt;zurück] [weiter&gt;] [Letztes&gt;&gt;] 48 Artikel Kategorie Ringelblumen Creme Biofrid bisheriges Design Inhalt: 100 ml Art.Nr.: 24520100 PZN: 4255955 Preis: 6,90 EUR PAngV: 6,90 EUR pro 100 ml Gewicht: 0.14 Kg Ab 6,90 EUR incl. 19 % UST exkl. Versandkosten Lieferzeit: 3-7 Werktage* Art Produkts: Creme Beschreibung: Energiespendende Haut- Körperpflege für Hauttyp Calendula officinalis erhöht Widerstandsfähigkeit Haut schafft Ausgleich Feuchtigkeitsmangel. Sie wirkt restrukturierend unterstützt natürlichen Regenerationsprozess. Ringelblumen Creme Biofrid bietet wertvollen Zusätzen Calendula officinalis, echtem Bienenwachs, Glycerin, Allantoin, Hamamelis Hautschutzvitaminen A E optimale 24-Stunden-Versorgung allem, Umwelteinflüsse strapazierte Haut benötigt. Durch geschmeidige, fettende Konsistenz eignet Ringelblumen Creme Biofrid Gesichts- Ganzkörperpflege. Der Zusatz Beta-Carotin (Provitamin A) dient natürlicher UV-Filter. Inhaltsstoffe: Water (aqua), Isopropyl palmitate, Polyglyceryl-2 Sesquiisostearate, Mineral Oil (paraffinum liquidum), Microcrystalline Wax (cera microcristallina), Paraffin, Magnesium Stearate, Beeswax (cera alba), Aluminum Stearate, Polyethylene, Soybean (glycine soja) oily extract, Calendula (calendula officinalis), PEG-7 Hydrogenated Castor Oil, Glycerin, Beeswax (cera flava), Propylene Tocopheryl Acetate, Retinyl Palpitate, Bisabolol 100, Fragrance (parfum), Benzyl Alcohol, Methylchloroisothiazolinone, Methylisothiazolinone, Beta Carotene, Allantoin Kunden, Artikel kauften, folgende Artikel gekauft: Nachtkerzenöl Kapseln Ab 10,20 EUR incl. 7 % UST exkl. Versandkosten Didier® Badeperlen Germanium Ab 19,90 EUR incl. 19 % UST exkl. Versandkosten Rosengeranienöl, kbA Ab 7,70 EUR incl. 19 % UST exkl. Versandkosten Arginin-diet Biofrid Ab 11,90 EUR incl. 7 % UST exkl. Versandkosten Majoranöl, kbA Ab 6,90 EUR incl. 19 % UST exkl. Versandkosten Thymianöl (linalol), kbA Ab 11,40 EUR incl. 19 % UST exkl. Versandkosten Powered by First-Web * Gilt für Lieferungen Deutschland. Lieferzeiten für Länder Informationen Berechnung Liefertermins siehe </fragment> </item> <item> <fragment> Arnica Creme Biofrid - Biofrid-Cosmetic GmbH &amp; Co. KG Herstellung Vertrieb diätetischen, kosmetischen pharmazeutischen Produkten » Startseite Login / Registrierung | Ihre persönliche Seite | Warenkorb | Kasse Suche Literatur Produkte Ätherische/fette Öle Kosmetik Nahrungsergänzung/erg.bil. Diät Liefer- Versandkosten Datenschutz Unsere AGB Impressum Kontakt Widerrufsrecht Widerrufsformular Newsletter Biofrid Cosmetic GmbH &amp; Co.KG Hasseler Steinweg 9 27318 Hoya Postfach 1355 27316 Hoya Telefon 04251 9352-396 Telefax 04251 9352-290 Social Bookmarks [&lt;&lt;Erstes] [&lt;zurück] [weiter&gt;] [Letztes&gt;&gt;] 48 Artikel Kategorie Arnica Creme Biofrid 100 ml bisheriges Design Inhalt: 100 ml Art.Nr.: 23520100 PZN: 4255932 Preis: 6,90 EUR PAngV: 6,90 EUR pro 100 ml Gewicht: 0.14 Kg Ab 6,90 EUR incl. 19 % UST exkl. Versandkosten Lieferzeit: 3-7 Werktage* Art Produkts: Creme Beschreibung: Optimaler Schutz für empfindliche Haut natürlichem UV-Filter Arnica montana Jahrhunderten erfolgreich eingesetzt. Überragende pflegende Eigenschaften, Hautirritationen, bedingen hohen Stellenwert Heilpflanze Kosmetik. Arnica Creme Biofrid enthält Arnica montana wertvolle Zusätze Kamille, Hamamelis, Beta-Carotin Bienenwachs ausgewogener Kombination. Sie vielseitigen Haut- Körperpflege empfohlen Bedürfnisse rauer, empfindlicher Haut abgestimmt. Inhaltsstoffe: Water (aqua), Isopropyl Palmitate, Polyglyceryl-2 Sesquiisostearate, Mineral Oil (paraffinum liquidum), Microcrystalline Wax (cera micorocristallina), Paraffin, Magnesium Stearate, Beeswax (cera alba), Aluminum Stearate, Polyethylene, Soybean (glycine soja) oily extract, Arnica Montana extract, PEG-7 Hydrogenated Castor Oil, Glycerin, Beeswax (cera flava), Propylene Glycol, Witch Hazel (hamamelis virginiana), Alcohol denat., Magnesium Sulfate, Beta Carotene, Bisabolol 100, Fragrance (parfum), Benzyl Alcohol, Methylchloroisothiazolinone, Methylisothiazolinone, Allantoin Kunden, Artikel kauften, folgende Artikel gekauft: Didier® Badeperlen Germanium Ab 19,90 EUR incl. 19 % UST exkl. Versandkosten Didier® Hautcreme Germanium Ab 19,90 EUR incl. 19 % UST exkl. Versandkosten Fischöl Kapseln Biofrid Ab 10,70 EUR incl. 7 % UST exkl. Versandkosten Arginin-diet Biofrid Ab 11,90 EUR incl. 7 % UST exkl. Versandkosten Nachtkerzenöl Kapseln Ab 10,20 EUR incl. 7 % UST exkl. Versandkosten EPALIPID® Ab 17,50 EUR incl. 7 % UST exkl. Versandkosten Powered by First-Web * Gilt für Lieferungen Deutschland. Lieferzeiten für Länder Informationen Berechnung Liefertermins siehe </fragment> </item> <item> <fragment> Arnica Cream Biofrid - Biofrid-Cosmetic GmbH &amp; Co. KG Herstellung Vertrieb diätetischen, kosmetischen pharmazeutischen Produkten » Home Login / Register | Your account | Shopping Cart | Cash box Search Literature Products Cosmetics Dietary Supplement Essential/fatty oils Shipping &amp; Returns Privacy Notice General terms and conditions Imprint Contact Right of revocation Standard withdrawal form Newsletter Biofrid Cosmetic GmbH &amp; Co.KG Hasseler Steinweg 9 27318 Hoya Postfach 1355 27316 Hoya Telefon 04251 9352-396 Telefax 04251 9352-290 Social Bookmarks [&lt;&lt;First] [&lt;Back] [Next&gt;] [last&gt;&gt;] 48 Articles this categorie Arnica Cream Biofrid 100 ml Design far Volume: 100 ml Product No.: 23520100 PZN: 4255932 Price: 6,90 EUR Price reg.: 6,90 EUR per 100 ml Weight: 0.14 Kg from 6,90 EUR incl. 19 % Tax excl. Shipping costs Shipping time: 3-7 working days* Type of product: Cream Description: Optimal protection for sensitive skin with natural UV filter Arnica montana has been used successfully for hundreds of years. The excellent conditioning characteristics are the reasons for the importance of this medicinal plant cosmetics, particularly with skin irritations. As well as arnica montana, Arnica Cream Biofrid contains extracts of camomile, witch hazel, beta carotene and bees wax balanced combination. It is recommended because of its versatility with all-round body care and is particularly suitable for rough and sensitive skin types. Ingredients: Water (aqua), Isopropyl Palmitate, Polyglyceryl-2 Sesquiisostearate, Mineral Oil (paraffinum liquidum), Microcrystalline Wax (cera micorocristallina), Paraffin, Magnesium Stearate, Beeswax (cera alba), Aluminum Stearate, Polyethylene, Soybean (glycine soja) oily extract, Arnica Montana extract, PEG-7 Hydrogenated Castor Oil, Glycerin, Beeswax (cera flava), Propylene Glycol, Witch Hazel (hamamelis virginiana), Alcohol denat., Magnesium Sulfate, Beta Carotene, Bisabolol 100, Fragrance (parfum), Benzyl Alcohol, Methylchloroisothiazolinone, Methylisothiazolinone, Allantoin Customers who bought this product bought the following products: Didier® Bath Pearls with Germanium from 19,90 EUR incl. 19 % Tax excl. Shipping costs Didier® Skin Moisturising Cream with Germanium from 19,90 EUR incl. 19 % Tax excl. Shipping costs Fish Oil Capsules Biofrid from 10,70 EUR incl. 7 % Tax excl. Shipping costs Arginin-diet Biofrid from 11,90 EUR incl. 7 % Tax excl. Shipping costs Nachtkerzenöl Kapseln from 10,20 EUR incl. 7 % Tax excl. Shipping costs EPALIPID® from 17,50 EUR incl. 7 % Tax excl. Shipping costs Powered by First-Web * Gilt für Lieferungen Deutschland. Lieferzeiten für Länder Informationen Berechnung Liefertermins siehe </fragment> </item> <item> <fragment> Didier® Hautcreme Germanium - Biofrid-Cosmetic GmbH &amp; Co. KG Herstellung Vertrieb diätetischen, kosmetischen pharmazeutischen Produkten » Startseite Login / Registrierung | Ihre persönliche Seite | Warenkorb | Kasse Suche Literatur Produkte Ätherische/fette Öle Kosmetik Nahrungsergänzung/erg.bil. Diät Liefer- Versandkosten Datenschutz Unsere AGB Impressum Kontakt Widerrufsrecht Widerrufsformular Newsletter Biofrid Cosmetic GmbH &amp; Co.KG Hasseler Steinweg 9 27318 Hoya Postfach 1355 27316 Hoya Telefon 04251 9352-396 Telefax 04251 9352-290 Social Bookmarks [&lt;&lt;Erstes] [&lt;zurück] [weiter&gt;] [Letztes&gt;&gt;] 48 Artikel Kategorie Didier® Hautcreme Germanium Inhalt: 50 ml Art.Nr.: 27020050 PZN: 3919005 Preis: 19,90 EUR PAngV: 39,80 EUR pro 100 ml Gewicht: 0.16 Kg Ab 19,90 EUR incl. 19 % UST exkl. Versandkosten Lieferzeit: 3-7 Werktage* Art Produkts: Creme Verwendungszweck: Ausgleichende Feuchtigkeitscreme für Hauttyp Sanumgerman Beschreibung: • verleiht gepflegtes Aussehen strahlenden Teint • spendet Feuchtigkeit für empfindliche Haut geeignet • enthält Germanium, Nachtkerzenöl, Allantoin, Vitamin E Panthenol Didier® Hautcreme Germanium hochwertige Feuchtigkeitscreme Tages- Nachtpflege für Hauttyp eignet insbesondere für reife empfindliche Haut. Die Kombination Sanumgerman Nachtkerzenöl Haut straffenden Feuchtigkeit spendenden Eigenschaften sorgt für Kräftigung Hautstruktur. Wertvolle Zusätze Vitamin E, Allantoin Panthenol runden perfekte Dosierung ausgleichenden Pflegecreme ab. Die fettende, zart schmelzende Creme Haut glatt geschmeidig verleiht strahlendes Aussehen. Zur Steigerung pflegenden Wirkung empfehlen zusätzlich Verwendung Didier® Badeperlen Germanium . Zur Steigerung pflegenden Wirkung empfehlen zusätzlich Verwendung Didier® Badeperlen Germanium. Anwendung: Morgens abends sparsam Gesicht, Hals Dekolleté auftragen sanft einmassieren. Hinweis: Parfum Inhaltsstoffe: Aqua (Water), Cocos Nucifera (Coconut) Oil, Aloe Barbadensis Leaf Juice, Cetearyl Alcohol, Macadamia Integrifolia Seed Oil, Butyrospermum Parkii (Shea) Butter, Glycerin, Dicaprylyl Ether, Argania Spinosa Kernel Oil, Glyceryl Stearate, Panthenol, Tocopheryl Acetate, Cetearyl Glucoside, Oenothera Biennis (Eyening Primrose) Oil, Germanium-Citrate-Lactate Powder, Sodium Hyaluronate, Allantoin, Helianthus Annuus (Sunflower) Seed Oil, Glyceryl Caprylate, Medicago Sativa (Alfalfa) Extract, Sodium Stearoyl Glutamate, Sodium Levulinate, Levulinic Acid, Tocopherol, Ascorbyl Palmitate, Sodium Phytate, Alcohol, Citric Acid, Sodium Benzoate, Potassium Sorbate. Kunden, Artikel kauften, folgende Artikel gekauft: Cajeputöl, kbA Ab 6,90 EUR incl. 19 % UST exkl. Versandkosten Rosengeranienöl, kbA Ab 7,70 EUR incl. 19 % UST exkl. Versandkosten Palmarosaöl, kbA Ab 5,90 EUR incl. 19 % UST exkl. Versandkosten Jojobaöl, kbA Ab 6,90 EUR incl. 19 % UST exkl. Versandkosten Zink-diet Biofrid Ab 9,00 EUR incl. 7 % UST exkl. Versandkosten Selen-Biofrid Ab 5,50 EUR incl. 7 % UST exkl. Versandkosten Powered by First-Web * Gilt für Lieferungen Deutschland. Lieferzeiten für Länder Informationen Berechnung Liefertermins siehe </fragment> </item> <item> <fragment> Arnica Creme Biofrid - Biofrid-Cosmetic GmbH &amp; Co. KG Herstellung Vertrieb diätetischen, kosmetischen pharmazeutischen Produkten » Startseite Login / Registrierung | Ihre persönliche Seite | Warenkorb | Kasse Suche Literatur Produkte Ätherische/fette Öle Kosmetik Nahrungsergänzung/erg.bil. Diät Liefer- Versandkosten Datenschutz Unsere AGB Impressum Kontakt Widerrufsrecht Widerrufsformular Newsletter Biofrid Cosmetic GmbH &amp; Co.KG Hasseler Steinweg 9 27318 Hoya Postfach 1355 27316 Hoya Telefon 04251 9352-396 Telefax 04251 9352-290 Social Bookmarks [&lt;&lt;Erstes] [&lt;zurück] [weiter&gt;] [Letztes&gt;&gt;] 48 Artikel Kategorie Arnica Creme Biofrid 100 ml bisheriges Design Inhalt: 100 ml Art.Nr.: 23520100 PZN: 4255932 Preis: 6,90 EUR PAngV: 6,90 EUR pro 100 ml Gewicht: 0.14 Kg Ab 6,90 EUR incl. 19 % UST exkl. Versandkosten Lieferzeit: 3-7 Werktage* Art Produkts: Creme Beschreibung: Optimaler Schutz für empfindliche Haut natürlichem UV-Filter Arnica montana Jahrhunderten erfolgreich eingesetzt. Überragende pflegende Eigenschaften, Hautirritationen, bedingen hohen Stellenwert Heilpflanze Kosmetik. Arnica Creme Biofrid enthält Arnica montana wertvolle Zusätze Kamille, Hamamelis, Beta-Carotin Bienenwachs ausgewogener Kombination. Sie vielseitigen Haut- Körperpflege empfohlen Bedürfnisse rauer, empfindlicher Haut abgestimmt. Inhaltsstoffe: Water (aqua), Isopropyl Palmitate, Polyglyceryl-2 Sesquiisostearate, Mineral Oil (paraffinum liquidum), Microcrystalline Wax (cera micorocristallina), Paraffin, Magnesium Stearate, Beeswax (cera alba), Aluminum Stearate, Polyethylene, Soybean (glycine soja) oily extract, Arnica Montana extract, PEG-7 Hydrogenated Castor Oil, Glycerin, Beeswax (cera flava), Propylene Glycol, Witch Hazel (hamamelis virginiana), Alcohol denat., Magnesium Sulfate, Beta Carotene, Bisabolol 100, Fragrance (parfum), Benzyl Alcohol, Methylchloroisothiazolinone, Methylisothiazolinone, Allantoin Kunden, Artikel kauften, folgende Artikel gekauft: Didier® Badeperlen Germanium Ab 19,90 EUR incl. 19 % UST exkl. Versandkosten Didier® Hautcreme Germanium Ab 19,90 EUR incl. 19 % UST exkl. Versandkosten Fischöl Kapseln Biofrid Ab 10,70 EUR incl. 7 % UST exkl. Versandkosten Arginin-diet Biofrid Ab 11,90 EUR incl. 7 % UST exkl. Versandkosten Nachtkerzenöl Kapseln Ab 10,20 EUR incl. 7 % UST exkl. Versandkosten EPALIPID® Ab 17,50 EUR incl. 7 % UST exkl. Versandkosten Powered by First-Web * Gilt für Lieferungen Deutschland. Lieferzeiten für Länder Informationen Berechnung Liefertermins siehe </fragment> </item> <item> <fragment> Didier® Nachtkerzen-Vitamin E Lotion - Biofrid-Cosmetic GmbH &amp; Co. KG Herstellung Vertrieb diätetischen, kosmetischen pharmazeutischen Produkten » Startseite Login / Registrierung | Ihre persönliche Seite | Warenkorb | Kasse Suche Literatur Produkte Ätherische/fette Öle Kosmetik Nahrungsergänzung/erg.bil. Diät Liefer- Versandkosten Datenschutz Unsere AGB Impressum Kontakt Widerrufsrecht Widerrufsformular Newsletter Biofrid Cosmetic GmbH &amp; Co.KG Hasseler Steinweg 9 27318 Hoya Postfach 1355 27316 Hoya Telefon 04251 9352-396 Telefax 04251 9352-290 Social Bookmarks [&lt;&lt;Erstes] [&lt;zurück] 48 Artikel Kategorie Didier® Nachtkerzen-Vitamin E Lotion Inhalt: 250 ml Art.Nr.: 05060250 PZN: 6983794 Preis: 10,60 EUR PAngV: 4,24 EUR pro 100 ml Gewicht: 0.3 Kg Ab 10,60 EUR incl. 19 % UST exkl. Versandkosten Lieferzeit: 3-7 Werktage* Art Produkts: Lotion Beschreibung: Milde, angenehm duftende Körperlotion für Hauttyp • schützt Feuchtigkeitsverlust Austrocknung • enthält Nachtkerzenöl, Vitamin E, Hamamelisextrakt, Glycerin Allantoin • bietet optimalen Schutz gegenüber schädlichen Umwelteinflüssen &amp; wirkt vorzeitiger Hautalterung entgegen Nachtkerzen-Vitamin E Lotion schützt Haut Feuchtigkeitsverlust wirkt Austrocknung entgegen. Wertvolle Inhaltsstoffe Nachtkerzenöl, Vitamin E, Hamamelisextrakt, Glycerin Allantoin pflegen Haut umfassend glatt geschmeidig. Regelmäßig angewandt, bietet Nachtkerzen-Vitamin E Lotion optimalen Schutz gegenüber schädlichen Umwelteinflüssen beugt vorzeitiger Hautalterung vor. Die natürliche Zartheit Elastizität Haut bleibt länger erhalten. Wenden Sie Körperlotion täglich Baden, Duschen Sonnenbaden massieren Sie sanft Haut ein. Inhalt: 250 ml Spender Inhaltsstoffe: Water (aqua), Mineral Oil (paraffinum liquidum), Isopropyl Palmitate, Trilaureth-4 Phosphate, Glycerin, Evening Primrose (oenothera biennis) Oil, Tocopheryl Acetate, Sodium Carbomer, Caprylic/Capric Triglyceride, Propylene Glycol, Witch Hazel (hamamelis virginiana), Alcohol denat., Fragrance (parfum), Decyl Oleate, Allantoin, Benzyl Alcohol, Konservierungsstoff, Methychloroisothiazolinone, Methylisothiazolinone Kunden, Artikel kauften, folgende Artikel gekauft: Didier® Badeperlen Germanium Ab 19,90 EUR incl. 19 % UST exkl. Versandkosten Zink-diet Biofrid Ab 9,00 EUR incl. 7 % UST exkl. Versandkosten Selen-Biofrid Ab 5,50 EUR incl. 7 % UST exkl. Versandkosten Rosengeranienöl, kbA Ab 7,70 EUR incl. 19 % UST exkl. Versandkosten Cajeputöl, kbA Ab 6,90 EUR incl. 19 % UST exkl. Versandkosten RMS Biofrid Ab 18,00 EUR incl. 7 % UST exkl. Versandkosten Powered by First-Web * Gilt für Lieferungen Deutschland. Lieferzeiten für Länder Informationen Berechnung Liefertermins siehe </fragment> </item> <item> <fragment> Didier® Badeperlen Germanium - Biofrid-Cosmetic GmbH &amp; Co. KG Herstellung Vertrieb diätetischen, kosmetischen pharmazeutischen Produkten » Startseite Login / Registrierung | Ihre persönliche Seite | Warenkorb | Kasse Suche Literatur Produkte Ätherische/fette Öle Kosmetik Nahrungsergänzung/erg.bil. Diät Liefer- Versandkosten Datenschutz Unsere AGB Impressum Kontakt Widerrufsrecht Widerrufsformular Newsletter Biofrid Cosmetic GmbH &amp; Co.KG Hasseler Steinweg 9 27318 Hoya Postfach 1355 27316 Hoya Telefon 04251 9352-396 Telefax 04251 9352-290 Social Bookmarks [&lt;&lt;Erstes] [&lt;zurück] [weiter&gt;] [Letztes&gt;&gt;] 48 Artikel Kategorie Didier® Badeperlen Germanium Inhalt: 15 Perlen Art.Nr.: 27535015 PZN: 3919011 Preis: 19,90 EUR PAngV: 1,33 EUR pro Stück Gewicht: 0.33 Kg Ab 19,90 EUR incl. 19 % UST exkl. Versandkosten Lieferzeit: 3-7 Werktage* Art Produkts: Badeperlen Beschreibung: Entspannung Pflege einem. Didier® Badeperlen Germanium für Hauttyp verträglich. Didier® Badeperlen Germanium ausgewählten Inhaltsstoffen hochwertige Pflege für Ihre Haut, wohltuende Art nachhaltig angeregt belebt. Sanumgerman gehört wichtigsten Bestandteilen ausgewogenen pflegenden Komposition, erstmalig Firmengruppe patentiert wurde. Die wohltuenden Inhaltsstoffe Didier® Badeperlen Germanium verteilen Auflösen Kapseln angenehm Hautfläche. Das Zusammenspiel wohlig warmen Bades Didier® Badeperlen Germanium führt entspannenden nachhaltig hautpflegenden Wirkung. Germanium Badeperlen wahre "Perlen", die, regelmäßig angewendet, beitragen, Spannkraft Frische wiederzugewinnen bewahren. Anwendung: 1x wöchentlich Vollbad 1–2 Didier® Badeperlen Hinweis: Zur Steigerung pflegenden Wirkung empfehlen zusätzlich Verwendung Didier® Hautcreme Germanium . Inhalt: Schmuckglas 15 Badeperlen Inhaltsstoffe: Isopropyl Myristate, Gelatin, Parfum, Silica, Glycerin, Germanium-Citrate-Lactate Powder, Linalool, Limonene, Hexyl Cinnamal, Citronellol, Cinnamyl Alcohol, Eugenol, Alpha-Isomethyl Ionone, Hydroxyisohexyl 3-Cyclohexene Carboxaldehyde, Ethylparaben, Propylparaben, Denatonium Benzoate, CI 77492 Kunden, Artikel kauften, folgende Artikel gekauft: Ringelblumen Creme Biofrid Ab 6,90 EUR incl. 19 % UST exkl. Versandkosten Didier® Nachtkerzen-Vitamin E Lotion Ab 10,60 EUR incl. 19 % UST exkl. Versandkosten Arnica Creme Biofrid Ab 6,90 EUR incl. 19 % UST exkl. Versandkosten Didier® Nachtkerzen-Vitamin E-Creme Ab 7,50 EUR incl. 19 % UST exkl. Versandkosten Zitronenöl, kbA Ab 6,50 EUR incl. 19 % UST exkl. Versandkosten Mandarinenöl (rot) kbA Ab 7,70 EUR incl. 19 % UST exkl. Versandkosten Powered by First-Web * Gilt für Lieferungen Deutschland. Lieferzeiten für Länder Informationen Berechnung Liefertermins siehe </fragment> </item> <item> <fragment> Didier® Nachtkerzen-Vitamin E-Creme - Biofrid-Cosmetic GmbH &amp; Co. KG Herstellung Vertrieb diätetischen, kosmetischen pharmazeutischen Produkten » Startseite Login / Registrierung | Ihre persönliche Seite | Warenkorb | Kasse Suche Literatur Produkte Ätherische/fette Öle Kosmetik Nahrungsergänzung/erg.bil. Diät Liefer- Versandkosten Datenschutz Unsere AGB Impressum Kontakt Widerrufsrecht Widerrufsformular Newsletter Biofrid Cosmetic GmbH &amp; Co.KG Hasseler Steinweg 9 27318 Hoya Postfach 1355 27316 Hoya Telefon 04251 9352-396 Telefax 04251 9352-290 Social Bookmarks [&lt;&lt;Erstes] [&lt;zurück] [weiter&gt;] [Letztes&gt;&gt;] 48 Artikel Kategorie Didier® Nachtkerzen-Vitamin E-Creme bisheriges Design (120 ml) Inhalt: 100 ml Art.Nr.: 98403 PZN: 9372677 Preis: 7,50 EUR PAngV: 7,50 EUR pro 100 ml Gewicht: 0.14 Kg Ab 7,50 EUR incl. 19 % UST exkl. Versandkosten Lieferzeit: 3-7 Werktage* Art Produkts: Creme Beschreibung: Die Wirkung Nachkerzenöls kannten Indianer Nordamerikas: Sie sammelten Samen, zerstampfen Brei Hautausschläge einzusetzen. Dieses Öl reich wertvollen, essentiellen Fettsäuren. Speziell Nachtkerzenöl enthaltene Gamma-Linolensäure ausreichend Körper gebildet. Viele Menschen leiden zudem trockener, schuppiger Haut. Die Anwendung Nachtkerzenöl spendet nötige Feuchtigkeit verleiht Haut gepflegtes Aussehen. Die Haut zart geschmeidig. Auch Schuppenflechte Neurodermitis Öl Nachtkerze unterstützenden Pflege geeignet. Didier® Nachtkerzen-Vitamin E-Creme bietet normalen, trockenen, empfindlichen reifen, frühzeitiger Hautalterung neigenden Haut optimalen Schutz gegenüber schädlichen Umwelteinflüssen verleiht gepflegtes Aussehen strahlenden Teint. Wertvolle Inhaltsstoffe pflegen Haut umfassend glatt geschmeidig. Die Creme schützt Feuchtigkeitsverlust wirkt Austrocknung Haut entgegen. So hilft sie, natürliche Zartheit Elastizität aufrechtzuerhalten. Tragen Sie Didier® Nachtkerzen-Vitamin E-Creme abends Gesicht, Hals Dekolleté massieren sanft ein. Hinweis: • verleiht Haut gepflegtes Aussehen strahlenden Teint • schützt Feuchtigkeitsverlust wirkt Austrocknung Haut entgegen Nachtkerzen-Vitamin E Creme eignet feuchtigkeitsspendende Gesichtsmaske. Tragen Sie Creme großzügig Gesicht Hals auf. Die Haut zart geschmeidig. Inhaltsstoffe: Water (aqua), Isopropyl Palpitate, Polyglyceryl-2 Sesquiisostearate, Mineral Oil (paraffinum liquidum), Microcrystalline Wax (cera microcristallina), Paraffin, Magnesium Stearate, Bees wax (cera alba), Aluminum Stearate, Polyethylene, Evening primrose (oenothera biennis) Oil, Tocopheryl Acetate, Glycerin, PEG-7 Hydrogenated Castor Oil, Bees Wax (cera flava), Magnesium Sulfate, Fragrance (parfum), Benzyl Alcohol, Methylchloroisothiazolinone, Methylisothiazolinone, Allantoin Kunden, Artikel kauften, folgende Artikel gekauft: Nachtkerzenöl Kapseln Ab 10,20 EUR incl. 7 % UST exkl. Versandkosten Didier® Badeperlen Germanium Ab 19,90 EUR incl. 19 % UST exkl. Versandkosten Zink-diet Biofrid Ab 9,00 EUR incl. 7 % UST exkl. Versandkosten Fischöl Kapseln Biofrid Ab 10,70 EUR incl. 7 % UST exkl. Versandkosten Majoranöl, kbA Ab 6,90 EUR incl. 19 % UST exkl. Versandkosten Thymianöl (linalol), kbA Ab 11,40 EUR incl. 19 % UST exkl. Versandkosten Powered by First-Web * Gilt für Lieferungen Deutschland. Lieferzeiten für Länder Informationen Berechnung Liefertermins siehe </fragment> </item> <item> <fragment> Didier® Badeperlen Germanium (Beutel) - Biofrid-Cosmetic GmbH &amp; Co. KG Herstellung Vertrieb diätetischen, kosmetischen pharmazeutischen Produkten » Startseite Login / Registrierung | Ihre persönliche Seite | Warenkorb | Kasse Suche Literatur Produkte Ätherische/fette Öle Kosmetik Nahrungsergänzung/erg.bil. Diät Liefer- Versandkosten Datenschutz Unsere AGB Impressum Kontakt Widerrufsrecht Widerrufsformular Newsletter Biofrid Cosmetic GmbH &amp; Co.KG Hasseler Steinweg 9 27318 Hoya Postfach 1355 27316 Hoya Telefon 04251 9352-396 Telefax 04251 9352-290 Social Bookmarks [&lt;&lt;Erstes] [&lt;zurück] [weiter&gt;] [Letztes&gt;&gt;] 48 Artikel Kategorie Didier® Badeperlen Germanium (Beutel) Inhalt: 200 Perlen Art.Nr.: 27535200 Preis: 191,60 EUR PAngV: 0,96 EUR pro Stück Gewicht: 0.9 Kg Ab 191,60 EUR incl. 19 % UST exkl. Versandkosten Lieferzeit: 3-7 Werktage* Art Produkts: Badeperlen Beschreibung: Entspannung Pflege einem. Didier® Badeperlen Germanium für Hauttyp verträglich. Didier® Badeperlen Germanium ausgewählten Inhaltsstoffen hochwertige Pflege für Ihre Haut, wohltuende Art nachhaltig angeregt belebt. Sanumgerman gehört wichtigsten Bestandteilen ausgewogenen pflegenden Komposition, erstmalig Firmengruppe patentiert wurde. Die wohltuenden Inhaltsstoffe Didier® Badeperlen Germanium verteilen Auflösen Kapseln angenehm Hautfläche. Das Zusammenspiel wohlig warmen Bades Didier® Badeperlen Germanium führt entspannenden nachhaltig hautpflegenden Wirkung. Germanium Badeperlen wahre "Perlen", die, regelmäßig angewendet, beitragen, Spannkraft Frische wiederzugewinnen bewahren. Anwendung: 1x wöchentlich Vollbad 1–2 Didier® Badeperlen Hinweis: Zur Steigerung pflegenden Wirkung empfehlen zusätzlich Verwendung Didier® Hautcreme Germanium . Inhalt: 100 / 200 Badeperlen Beutel Inhaltsstoffe: Isopropyl Myristate, Gelatin, Parfum, Silica, Glycerin, Germanium-Citrate-Lactate Powder, Linalool, Limonene, Hexyl Cinnamal, Citronellol, Cinnamyl Alcohol, Eugenol, Alpha-Isomethyl Ionone, Hydroxyisohexyl 3-Cyclohexene Carboxaldehyde, Ethylparaben, Propylparaben, Denatonium Benzoate, CI 77492 Kunden, Artikel kauften, folgende Artikel gekauft: Didier® Nachtkerzen-Vitamin E Lotion Ab 10,60 EUR incl. 19 % UST exkl. Versandkosten Teebaumöl, kbA Ab 6,90 EUR incl. 19 % UST exkl. Versandkosten Zedernöl, kbA Ab 8,50 EUR incl. 19 % UST exkl. Versandkosten Didier® Badeperlen Germanium Ab 19,90 EUR incl. 19 % UST exkl. Versandkosten Zimtblätteröl, kbA Ab 4,00 EUR incl. 19 % UST exkl. Versandkosten Didier® Hautcreme Germanium Ab 19,90 EUR incl. 19 % UST exkl. Versandkosten Powered by First-Web * Gilt für Lieferungen Deutschland. Lieferzeiten für Länder Informationen Berechnung Liefertermins siehe </fragment> </item> <item> <fragment> Fischöl Kapseln Biofrid - Biofrid-Cosmetic GmbH &amp; Co. KG Herstellung Vertrieb diätetischen, kosmetischen pharmazeutischen Produkten » Startseite Login / Registrierung | Ihre persönliche Seite | Warenkorb | Kasse Suche Literatur Produkte Ätherische/fette Öle Kosmetik Nahrungsergänzung/erg.bil. Diät Liefer- Versandkosten Datenschutz Unsere AGB Impressum Kontakt Widerrufsrecht Widerrufsformular Newsletter Biofrid Cosmetic GmbH &amp; Co.KG Hasseler Steinweg 9 27318 Hoya Postfach 1355 27316 Hoya Telefon 04251 9352-396 Telefax 04251 9352-290 Social Bookmarks [&lt;&lt;Erstes] [&lt;zurück] [weiter&gt;] [Letztes&gt;&gt;] 54 Artikel Kategorie Fischöl Kapseln Biofrid 240er 60er Inhalt: 60 Kapseln Art.Nr.: 37311060 PZN: 10132493 Preis: 10,70 EUR PAngV: 25,48 EUR pro 100 Gramm Gewicht: 0.07 Kg 240 Kapseln Art.Nr.: 37311240 PZN: 10132501 Preis: 32,90 EUR PAngV: 19,58 EUR pro 100 Gramm Gewicht: 0.24 Kg Ab 10,70 EUR incl. 7 % UST exkl. Versandkosten Lieferzeit: 3-7 Werktage* Nahrungsergänzungsmittel ungesättigten Fettsäuren Zutaten: Fischöl (71,4%), Gelatine, Feuchthaltemittel: Glycerin, DL-alpha-Tocopherylacetat, Antioxidationsmittel: stark tocopherolhaltige Extrakte Füllmenge: 42 (60 Kapseln) 168 (240 Kapseln) Verzehrempfehlung: 3 mal täglich 2 Kapseln Mahlzeiten verzehren Health Claim(s): EPA DHA tragen normalen Herzfunktion bei. DHA trägt normalen Gehirnfunktion Sehkraft bei. Hinweis: Das Öl Fischöl Kapseln Biofrid Hochseefischen gewonnen enthält ungesättigte Fettsäuren (die sogenannten Omega-3-Fettsäuren EPA DHA). Der Ersatz gesättigter Fettsäuren einfach und/oder mehrfach ungesättigte Fettsäuren Ernährung trägt Aufrechterhaltung normalen Cholesterinspiegels Blut bei. Der menschliche Organismus ausreichend produzieren, sodass Nahrung aufgenommen müssen. Die positive Wirkung Erhaltung normalen Gehirnfunktion Sehkraft stellt täglichen Aufnahme 250 mg DHA ein. Die positive Wirkung Erhaltung normalen Herzfunktion stellt täglichen Aufnahme 250 mg EPA DHA ein. Dieses Nahrungsergänzungsmittel Ersatz für abwechslungsreiche ausgewogene Ernährung gesunde Lebensweise. Die angegebene Tagesdosis überschreiten. Für Kinder unzugänglich aufbewahren. Nährstofftabelle: Nährstoff pro Tag (6 Kapseln) % T.B. 1) Fischöl 3.000 mg 2) * Eicosapentaensäure (EPA) 480 mg 2) * Docosahexaensäure (DHA) 300 mg 2) * Omega-3-Fettsäuren 900 mg 1) Referenzmenge gemäß LMIV 2) RDA-Wert festgelegt Nährwerttabelle: Brennwert 126 kJ/ 30 kcal Fett 3,0 * gesättigte Fettsäuren 0,6 * einfach ungesättigte Fettsäuren 0,6 * mehrfach ungesättigte Fettsäuren 1,2 Kohlenhydrate 0,3 * Zucker 0 Eiweiß 0,6 Salz &lt; 0,1 Vitamin E 1,8 mg alpha-TE 15 Allergene: Fisch Hersteller: Sanum-Kehlbeck GmbH &amp; Co. KG, Hasseler Steinweg 9, 27318 Hoya Kunden, Artikel kauften, folgende Artikel gekauft: Nachtkerzenöl Kapseln Ab 10,20 EUR incl. 7 % UST exkl. Versandkosten Didier® Nachtkerzen-Vitamin E-Creme Ab 7,50 EUR incl. 19 % UST exkl. Versandkosten Didier® Hautcreme Germanium Ab 19,90 EUR incl. 19 % UST exkl. Versandkosten Arnica Creme Biofrid Ab 6,90 EUR incl. 19 % UST exkl. Versandkosten Ringelblumen Creme Biofrid Ab 6,90 EUR incl. 19 % UST exkl. Versandkosten Propolis Creme Biofrid Ab 6,90 EUR incl. 19 % UST exkl. Versandkosten Powered by First-Web * Gilt für Lieferungen Deutschland. Lieferzeiten für Länder Informationen Berechnung Liefertermins siehe </fragment> </item> <item> <fragment> Didier® Badeperlen Germanium - Biofrid-Cosmetic GmbH &amp; Co. KG Herstellung Vertrieb diätetischen, kosmetischen pharmazeutischen Produkten » Startseite Login / Registrierung | Ihre persönliche Seite | Warenkorb | Kasse Suche Literatur Produkte Ätherische/fette Öle Kosmetik Nahrungsergänzung/erg.bil. Diät Liefer- Versandkosten Datenschutz Unsere AGB Impressum Kontakt Widerrufsrecht Widerrufsformular Newsletter Biofrid Cosmetic GmbH &amp; Co.KG Hasseler Steinweg 9 27318 Hoya Postfach 1355 27316 Hoya Telefon 04251 9352-396 Telefax 04251 9352-290 Social Bookmarks [&lt;&lt;Erstes] [&lt;zurück] [weiter&gt;] [Letztes&gt;&gt;] 48 Artikel Kategorie Didier® Badeperlen Germanium Inhalt: 15 Perlen Art.Nr.: 27535015 PZN: 3919011 Preis: 19,90 EUR PAngV: 1,33 EUR pro Stück Gewicht: 0.33 Kg Ab 19,90 EUR incl. 19 % UST exkl. Versandkosten Lieferzeit: 3-7 Werktage* Art Produkts: Badeperlen Beschreibung: Entspannung Pflege einem. Didier® Badeperlen Germanium für Hauttyp verträglich. Didier® Badeperlen Germanium ausgewählten Inhaltsstoffen hochwertige Pflege für Ihre Haut, wohltuende Art nachhaltig angeregt belebt. Sanumgerman gehört wichtigsten Bestandteilen ausgewogenen pflegenden Komposition, erstmalig Firmengruppe patentiert wurde. Die wohltuenden Inhaltsstoffe Didier® Badeperlen Germanium verteilen Auflösen Kapseln angenehm Hautfläche. Das Zusammenspiel wohlig warmen Bades Didier® Badeperlen Germanium führt entspannenden nachhaltig hautpflegenden Wirkung. Germanium Badeperlen wahre "Perlen", die, regelmäßig angewendet, beitragen, Spannkraft Frische wiederzugewinnen bewahren. Anwendung: 1x wöchentlich Vollbad 1–2 Didier® Badeperlen Hinweis: Zur Steigerung pflegenden Wirkung empfehlen zusätzlich Verwendung Didier® Hautcreme Germanium . Inhalt: Schmuckglas 15 Badeperlen Inhaltsstoffe: Isopropyl Myristate, Gelatin, Parfum, Silica, Glycerin, Germanium-Citrate-Lactate Powder, Linalool, Limonene, Hexyl Cinnamal, Citronellol, Cinnamyl Alcohol, Eugenol, Alpha-Isomethyl Ionone, Hydroxyisohexyl 3-Cyclohexene Carboxaldehyde, Ethylparaben, Propylparaben, Denatonium Benzoate, CI 77492 Kunden, Artikel kauften, folgende Artikel gekauft: Ringelblumen Creme Biofrid Ab 6,90 EUR incl. 19 % UST exkl. Versandkosten Didier® Nachtkerzen-Vitamin E Lotion Ab 10,60 EUR incl. 19 % UST exkl. Versandkosten Arnica Creme Biofrid Ab 6,90 EUR incl. 19 % UST exkl. Versandkosten Didier® Nachtkerzen-Vitamin E-Creme Ab 7,50 EUR incl. 19 % UST exkl. Versandkosten Zitronenöl, kbA Ab 6,50 EUR incl. 19 % UST exkl. Versandkosten Mandarinenöl (rot) kbA Ab 7,70 EUR incl. 19 % UST exkl. Versandkosten Powered by First-Web * Gilt für Lieferungen Deutschland. Lieferzeiten für Länder Informationen Berechnung Liefertermins siehe </fragment> </item> <item> <fragment> Ringelblumen Creme Biofrid - Biofrid-Cosmetic GmbH &amp; Co. KG Herstellung Vertrieb diätetischen, kosmetischen pharmazeutischen Produkten » Startseite Login / Registrierung | Ihre persönliche Seite | Warenkorb | Kasse Suche Literatur Produkte Ätherische/fette Öle Kosmetik Nahrungsergänzung/erg.bil. Diät Liefer- Versandkosten Datenschutz Unsere AGB Impressum Kontakt Widerrufsrecht Widerrufsformular Newsletter Biofrid Cosmetic GmbH &amp; Co.KG Hasseler Steinweg 9 27318 Hoya Postfach 1355 27316 Hoya Telefon 04251 9352-396 Telefax 04251 9352-290 Social Bookmarks [&lt;&lt;Erstes] [&lt;zurück] [weiter&gt;] [Letztes&gt;&gt;] 48 Artikel Kategorie Ringelblumen Creme Biofrid bisheriges Design Inhalt: 100 ml Art.Nr.: 24520100 PZN: 4255955 Preis: 6,90 EUR PAngV: 6,90 EUR pro 100 ml Gewicht: 0.14 Kg Ab 6,90 EUR incl. 19 % UST exkl. Versandkosten Lieferzeit: 3-7 Werktage* Art Produkts: Creme Beschreibung: Energiespendende Haut- Körperpflege für Hauttyp Calendula officinalis erhöht Widerstandsfähigkeit Haut schafft Ausgleich Feuchtigkeitsmangel. Sie wirkt restrukturierend unterstützt natürlichen Regenerationsprozess. Ringelblumen Creme Biofrid bietet wertvollen Zusätzen Calendula officinalis, echtem Bienenwachs, Glycerin, Allantoin, Hamamelis Hautschutzvitaminen A E optimale 24-Stunden-Versorgung allem, Umwelteinflüsse strapazierte Haut benötigt. Durch geschmeidige, fettende Konsistenz eignet Ringelblumen Creme Biofrid Gesichts- Ganzkörperpflege. Der Zusatz Beta-Carotin (Provitamin A) dient natürlicher UV-Filter. Inhaltsstoffe: Water (aqua), Isopropyl palmitate, Polyglyceryl-2 Sesquiisostearate, Mineral Oil (paraffinum liquidum), Microcrystalline Wax (cera microcristallina), Paraffin, Magnesium Stearate, Beeswax (cera alba), Aluminum Stearate, Polyethylene, Soybean (glycine soja) oily extract, Calendula (calendula officinalis), PEG-7 Hydrogenated Castor Oil, Glycerin, Beeswax (cera flava), Propylene Tocopheryl Acetate, Retinyl Palpitate, Bisabolol 100, Fragrance (parfum), Benzyl Alcohol, Methylchloroisothiazolinone, Methylisothiazolinone, Beta Carotene, Allantoin Kunden, Artikel kauften, folgende Artikel gekauft: Nachtkerzenöl Kapseln Ab 10,20 EUR incl. 7 % UST exkl. Versandkosten Didier® Badeperlen Germanium Ab 19,90 EUR incl. 19 % UST exkl. Versandkosten Rosengeranienöl, kbA Ab 7,70 EUR incl. 19 % UST exkl. Versandkosten Arginin-diet Biofrid Ab 11,90 EUR incl. 7 % UST exkl. Versandkosten Majoranöl, kbA Ab 6,90 EUR incl. 19 % UST exkl. Versandkosten Thymianöl (linalol), kbA Ab 11,40 EUR incl. 19 % UST exkl. Versandkosten Powered by First-Web * Gilt für Lieferungen Deutschland. Lieferzeiten für Länder Informationen Berechnung Liefertermins siehe </fragment> </item> <item> <fragment> Sojalecithin EPALIPID® - Biofrid-Cosmetic GmbH &amp; Co. KG Herstellung Vertrieb diätetischen, kosmetischen pharmazeutischen Produkten » Startseite Login / Registrierung | Ihre persönliche Seite | Warenkorb | Kasse Suche Literatur Produkte Ätherische/fette Öle Kosmetik Nahrungsergänzung/erg.bil. Diät Liefer- Versandkosten Datenschutz Unsere AGB Impressum Kontakt Widerrufsrecht Widerrufsformular Newsletter Biofrid Cosmetic GmbH &amp; Co.KG Hasseler Steinweg 9 27318 Hoya Postfach 1355 27316 Hoya Telefon 04251 9352-396 Telefax 04251 9352-290 Social Bookmarks [&lt;&lt;Erstes] [&lt;zurück] [weiter&gt;] [Letztes&gt;&gt;] 54 Artikel Kategorie EPALIPID® bisheriges Design Inhalt: 300 Art.Nr.: 35030 PZN: 148671 Preis: 17,50 EUR PAngV: 5,83 EUR pro 100 Gramm Gewicht: 0.4 Kg Ab 17,50 EUR incl. 7 % UST exkl. Versandkosten Lieferzeit: 3-7 Werktage* Nahrungsergänzungsmittel Zutaten: Soja lecithin (ohne Gentechnik) Füllmenge: 300 (entsprechen 20 Tagesdosen á 15 g) Verzehrempfehlung: Verzehrempfehlung: 3 Teelöffel täglich. Die Tagesdosis Belieben Flüssigkeiten einrühren über Speisen streuen. Hinweis: Sojalecithin Phospholipidgemisch typischen Inhaltsstoffen Phosphatidylcholin, Phosphatidylethanolamin Phosphatidylinositol. Diese wiederum enthalten großen Prozentsatz Fettsäuren, mehrfach ungesättigten, z. B. Linol- Linolensäure, überwiegen. Die angegebene empfohlene tägliche Verzehrmenge überschritten werden. Nahrungsergänzungsmittel Ersatz für ausgewogene abwechslungsreiche Ernährung gesunde Lebensweise verwendet werden. Bitte außerhalb Reichweite Kindern lagern. Nährstofftabelle: pro 100 pro Tag (3 Teelöffel, ca. 15 g) Lecithin 100 15 *) * Linolsäure 29,0 4,4 * Linolensäure 3,5 0,53 *) Referenzmenge gemäß Lebensmittelinformationsverordnung Nährwerttabelle Brennwert 3.700 kJ/ 900 kcal 555 kJ/ 135 kcal Fett 91 13,7 * gesättigte Fettsäuren 12 1,8 Kohlenhydrate 8 1,2 * Zucker 4 0,6 Eiweiß 0 0 Salz 0,1 &lt; 0,1 Allergene Soja Hersteller: Sanum-Kehlbeck GmbH &amp; Co. KG, Hasseler Steinweg 9, 27318 Hoya Kunden, Artikel kauften, folgende Artikel gekauft: Arginin-diet Biofrid Ab 11,90 EUR incl. 7 % UST exkl. Versandkosten Nachtkerzenöl Kapseln Ab 10,20 EUR incl. 7 % UST exkl. Versandkosten Didier® Nachtkerzen-Vitamin E Lotion Ab 10,60 EUR incl. 19 % UST exkl. Versandkosten Arnica Creme Biofrid Ab 6,90 EUR incl. 19 % UST exkl. Versandkosten Selen-Biofrid Ab 5,50 EUR incl. 7 % UST exkl. Versandkosten Zimtblätteröl, kbA Ab 4,00 EUR incl. 19 % UST exkl. Versandkosten Powered by First-Web * Gilt für Lieferungen Deutschland. Lieferzeiten für Länder Informationen Berechnung Liefertermins siehe </fragment> </item> <item> <fragment> Arnica Creme Biofrid - Biofrid-Cosmetic GmbH &amp; Co. KG Herstellung Vertrieb diätetischen, kosmetischen pharmazeutischen Produkten » Startseite Login / Registrierung | Ihre persönliche Seite | Warenkorb | Kasse Suche Literatur Produkte Ätherische/fette Öle Kosmetik Nahrungsergänzung/erg.bil. Diät Liefer- Versandkosten Datenschutz Unsere AGB Impressum Kontakt Widerrufsrecht Widerrufsformular Newsletter Biofrid Cosmetic GmbH &amp; Co.KG Hasseler Steinweg 9 27318 Hoya Postfach 1355 27316 Hoya Telefon 04251 9352-396 Telefax 04251 9352-290 Social Bookmarks [&lt;&lt;Erstes] [&lt;zurück] [weiter&gt;] [Letztes&gt;&gt;] 48 Artikel Kategorie Arnica Creme Biofrid 100 ml bisheriges Design Inhalt: 100 ml Art.Nr.: 23520100 PZN: 4255932 Preis: 6,90 EUR PAngV: 6,90 EUR pro 100 ml Gewicht: 0.14 Kg Ab 6,90 EUR incl. 19 % UST exkl. Versandkosten Lieferzeit: 3-7 Werktage* Art Produkts: Creme Beschreibung: Optimaler Schutz für empfindliche Haut natürlichem UV-Filter Arnica montana Jahrhunderten erfolgreich eingesetzt. Überragende pflegende Eigenschaften, Hautirritationen, bedingen hohen Stellenwert Heilpflanze Kosmetik. Arnica Creme Biofrid enthält Arnica montana wertvolle Zusätze Kamille, Hamamelis, Beta-Carotin Bienenwachs ausgewogener Kombination. Sie vielseitigen Haut- Körperpflege empfohlen Bedürfnisse rauer, empfindlicher Haut abgestimmt. Inhaltsstoffe: Water (aqua), Isopropyl Palmitate, Polyglyceryl-2 Sesquiisostearate, Mineral Oil (paraffinum liquidum), Microcrystalline Wax (cera micorocristallina), Paraffin, Magnesium Stearate, Beeswax (cera alba), Aluminum Stearate, Polyethylene, Soybean (glycine soja) oily extract, Arnica Montana extract, PEG-7 Hydrogenated Castor Oil, Glycerin, Beeswax (cera flava), Propylene Glycol, Witch Hazel (hamamelis virginiana), Alcohol denat., Magnesium Sulfate, Beta Carotene, Bisabolol 100, Fragrance (parfum), Benzyl Alcohol, Methylchloroisothiazolinone, Methylisothiazolinone, Allantoin Kunden, Artikel kauften, folgende Artikel gekauft: Didier® Badeperlen Germanium Ab 19,90 EUR incl. 19 % UST exkl. Versandkosten Didier® Hautcreme Germanium Ab 19,90 EUR incl. 19 % UST exkl. Versandkosten Fischöl Kapseln Biofrid Ab 10,70 EUR incl. 7 % UST exkl. Versandkosten Arginin-diet Biofrid Ab 11,90 EUR incl. 7 % UST exkl. Versandkosten Nachtkerzenöl Kapseln Ab 10,20 EUR incl. 7 % UST exkl. Versandkosten EPALIPID® Ab 17,50 EUR incl. 7 % UST exkl. Versandkosten Powered by First-Web * Gilt für Lieferungen Deutschland. Lieferzeiten für Länder Informationen Berechnung Liefertermins siehe </fragment> </item> <item> <fragment> Arginin-diet Biofrid - Biofrid-Cosmetic GmbH &amp; Co. KG Herstellung Vertrieb diätetischen, kosmetischen pharmazeutischen Produkten » Startseite Login / Registrierung | Ihre persönliche Seite | Warenkorb | Kasse Suche Literatur Produkte Ätherische/fette Öle Kosmetik Nahrungsergänzung/erg.bil. Diät Liefer- Versandkosten Datenschutz Unsere AGB Impressum Kontakt Widerrufsrecht Widerrufsformular Newsletter Biofrid Cosmetic GmbH &amp; Co.KG Hasseler Steinweg 9 27318 Hoya Postfach 1355 27316 Hoya Telefon 04251 9352-396 Telefax 04251 9352-290 Social Bookmarks [&lt;&lt;Erstes] [&lt;zurück] [weiter&gt;] [Letztes&gt;&gt;] 54 Artikel Kategorie Arginin-diet Biofrid Inhalt: 40 Tabletten Art.Nr.: 94102 PZN: 0877602 Preis: 11,90 EUR PAngV: 41,32 EUR pro 100 Gramm Gewicht: 0.12 Kg 100 Tabletten Art.Nr.: 94107 PZN: 0877884 Preis: 26,90 EUR PAngV: 37,36 EUR pro 100 Gramm Gewicht: 0.06 Kg Ab 11,90 EUR incl. 7 % UST exkl. Versandkosten Lieferzeit: 3-7 Werktage* Diätetisches Lebensmittel Zutaten: (in 100 g): 69,4 L-Arginin, Stabilisator Sorbit, Trennmittel Magnesiumsalze Speisefettsäuren, 138 mg Pyridoxinhydrochlorid, 18,5 mg Folsäure, 0,2 mg Cyanocobalamin. Füllmenge: 28,8 (40 Tabletten) 72,0 (100 Tabletten) Verzehrempfehlung: 3 mal täglich 2 Tabletten Mahlzeiten verzehren Zweckbestimmung Zur diätetischen Behandlung Arteriosklerose erhöhten Homocysteinspiegel Zufuhr L-Arginin, Folsäure, Vitamin B6 Vitamin B12 Hinweis Mit Arginin-diet Biofrid stellt Firma Biofrid-Cosmetic GmbH &amp; Co. KG Produkt Verfügung, Aminosäure L-Arginin, Folsäure, Vitamin B6 Vitamin B12 enthält. Arginin-diet Biofrid diätetisches Lebensmittel für besondere medizinische Zwecke (bilanzierte Diät) diätetischen Behandlung Arteriosklerose erhöhtem Homocysteinspiegel. Folsäure, Vitamin B12 Vitamin B6 tragen normalen Homocystein-Stoffwechsel bei. Mit Hilfe Folsäure Vitamin B12 Homocystein Methionin Beteiligung Vitamin B6 Aminosäure Cystein abgebaut. Arginin-diet Biofrid für Erwachsene bestimmt ergänzende bilanzierte Diät ärztlicher Aufsicht angewendet werden. Arginin-diet Biofrid einzunehmen schweren Herz-Kreislauf-Erkrankungen. Da Erfahrungen Schwangeren bzw. stillenden Frauen Kindern vorliegen, Personengruppe Verzehr abzuraten. Da Überzug/Coating Tabletten verzichtet wurde, Tabletten lichtgeschützt Blister aufzubewahren unmittelbar Verzehr entnehmen. Dieses diätetische Lebensmittel Ersatz für abwechslungsreiche ausgewogene Ernährung gesunde Lebensweise. Die angegebene Tagesdosis überschreiten. Für Kinder unzugänglich aufbewahren. Nährstofftabelle: Nährstoff pro 100 pro Portion (2 Tabletten) pro Tag (6 Tabletten) L-Arginin 69,4 1.000 mg 3.000 mg Vitamin B6 138 mg 2 mg 6 mg Folsäure 18,5 mg 266 µg 798 µg Vitamin B12 200 µg 3 µg 9 µg Nährwerttabelle Brennwert 1.511 kJ / 357 kcal 21,8 kJ / 5,1 kcal 65,3 kJ / 15,4 kcal Fett 1,0 0,01 0,04 * gesättigte Fettsäuren 1,0 0,01 0,04 Kohlenhydrate 29,4 0,42 1,3 * Zucker 0,0 0,0 0,0 Eiweiß 69,4 1,0 3,0 Salz 0 0 0 Allergene enthalten Hersteller: Sanum-Kehlbeck GmbH &amp; Co. KG, Hasseler Steinweg 9, 27318 Hoya Kunden, Artikel kauften, folgende Artikel gekauft: Rosengeranienöl, kbA Ab 7,70 EUR incl. 19 % UST exkl. Versandkosten Cajeputöl, kbA Ab 6,90 EUR incl. 19 % UST exkl. Versandkosten Ringelblumen Creme Biofrid Ab 6,90 EUR incl. 19 % UST exkl. Versandkosten Propolis Creme Biofrid Ab 6,90 EUR incl. 19 % UST exkl. Versandkosten Nachtkerzenöl Kapseln Ab 10,20 EUR incl. 7 % UST exkl. Versandkosten EPALIPID® Ab 17,50 EUR incl. 7 % UST exkl. Versandkosten Powered by First-Web * Gilt für Lieferungen Deutschland. Lieferzeiten für Länder Informationen Berechnung Liefertermins siehe </fragment> </item> <item> <fragment> Alkala® S Pulver - Biofrid-Cosmetic GmbH &amp; Co. KG Herstellung Vertrieb diätetischen, kosmetischen pharmazeutischen Produkten » Startseite Login / Registrierung | Ihre persönliche Seite | Warenkorb | Kasse Suche Literatur Produkte Ätherische/fette Öle Kosmetik Nahrungsergänzung/erg.bil. Diät Liefer- Versandkosten Datenschutz Unsere AGB Impressum Kontakt Widerrufsrecht Widerrufsformular Newsletter Biofrid Cosmetic GmbH &amp; Co.KG Hasseler Steinweg 9 27318 Hoya Postfach 1355 27316 Hoya Telefon 04251 9352-396 Telefax 04251 9352-290 Social Bookmarks [&lt;&lt;Erstes] [&lt;zurück] 54 Artikel Kategorie Alkala® S Pulver Inhalt: 250 Art.Nr.: 11529250 EAN: 4045715115256 PZN: 11077891 Preis: 16,50 EUR pro Stück PAngV: 6,60 EUR pro 100 Gramm Gewicht: 0.33 Kg Ab 16,50 EUR incl. 7 % UST exkl. Versandkosten Lieferzeit: 3-7 Werktage* Bezeichnung: Nahrungsergänzungsmittel Kategorie: Kalium, Calcium Magnesium Hersteller: SANUM-Kehlbeck GmbH &amp; Co. KG Hasseler Steinweg 9-12 27318 Hoya Zutaten: Trikaliumcitrat, Trimagnesiumcitrat, Tricalciumcitrat, Trennmittel Siliciumdioxid. Füllmenge: 250 Gramm Pulver/Dose Verzehrempfehlung: 1-2 mal täglich 1 gehäuften Teelöffel à 4,5 Pulver Glas Wasser Saft einrühren möglich Mahlzeit trinken. Health Claim(s) Magnesium trägt Erhaltung normaler Knochen Zähne Verringerung Müdigkeit Ermüdung bei. weiterer Text Faltschachtel Magnesium, Kalium Calcium gehören wichtigsten Mineralstoffen Körpers. Kalium trägt normalen Funktion Nervensystems normalen Muskelfunktion bei. Calcium trägt normalen Energiestoffwechsel Funktion Zellteilung -spezialisierung. Wichtiger Hinweis: Alkala® S Nierenversagen, Hyperkaliämie, Alkalose gleichzeitigen Einnahme kaliumsparenden Diuretika eingenommen werden. Dieses Nahrungsergänzungsmittel Ersatz für abwechslungsreiche ausgewogene Ernährung gesunde Lebensweise. Die angegebene Tagesdosis überschreiten. Für Kinder unzugänglich aufbewahren. Vor Öffnen bitte schütteln! Dose trocken lagern Deckel geschlossen halten! Alkala® S lactose- glutenfrei. Nährstofftabelle: Nährstoff pro 1 Teelöffel % NRV *) pro 2 Teelöffel % NRV *) Kalium 750 mg 38% 1500 mg 75% Calcium 250 mg 31% 500 mg 63% Magnesium 150 mg 40% 300 mg 80% *) Referenzmenge gemäß Lebensmittelinformationsverordnung Nährwerttabelle Nährwert pro 1 Teelöffel pro 2 Teelöffel Brennwert 35,9 kJ/ 8,3 kcal 71,8 kJ/ 16,6 kcal Fett * gesättigte Fettsäuren Kohlenhydrate * Zucker Eiweiß Salz Allergene enthalten Powered by First-Web * Gilt für Lieferungen Deutschland. Lieferzeiten für Länder Informationen Berechnung Liefertermins siehe </fragment> </item> <item> <fragment> Dietary Supplement - Biofrid-Cosmetic GmbH &amp; Co. KG Herstellung Vertrieb diätetischen, kosmetischen pharmazeutischen Produkten » Home Login / Register | Your account | Shopping Cart | Cash box Search Literature Products Cosmetics Dietary Supplement Essential/fatty oils Shipping &amp; Returns Privacy Notice General terms and conditions Imprint Contact Right of revocation Standard withdrawal form Newsletter Biofrid Cosmetic GmbH &amp; Co.KG Hasseler Steinweg 9 27318 Hoya Postfach 1355 27316 Hoya Telefon 04251 9352-396 Telefax 04251 9352-290 Social Bookmarks Dietary Supplement Alkala® S Powder Details from 16,50 EUR incl. 7 % Tax excl. Shipping costs Shipping time:3-7 working days* Arginin-diet Biofrid Details from 11,90 EUR incl. 7 % Tax excl. Shipping costs Shipping time:3-7 working days* EPALIPID® Details from 17,50 EUR incl. 7 % Tax excl. Shipping costs Shipping time:3-7 working days* Fish Oil Capsules Biofrid Details from 10,70 EUR incl. 7 % Tax excl. Shipping costs Shipping time:3-7 working days* Nachtkerzenöl Kapseln Details from 10,20 EUR incl. 7 % Tax excl. Shipping costs Shipping time:3-7 working days* Probikehl Details from 10,90 EUR incl. 7 % Tax excl. Shipping costs Shipping time:3-7 working days* RMS Biofrid Details from 18,00 EUR incl. 7 % Tax excl. Shipping costs Shipping time:3-7 working days* Selen-Biofrid Details from 5,50 EUR incl. 7 % Tax excl. Shipping costs Shipping time:3-7 working days* Zinc-diet Biofrid Details from 9,00 EUR incl. 7 % Tax excl. Shipping costs Shipping time:3-7 working days* Show 1 to 9 (of total 9 products) Sites: 1 Powered by First-Web * Gilt für Lieferungen Deutschland. Lieferzeiten für Länder Informationen Berechnung Liefertermins siehe </fragment> </item> <item> <fragment> Nahrungsergänzung/erg.bil. Diät - Biofrid-Cosmetic GmbH &amp; Co. KG Herstellung Vertrieb diätetischen, kosmetischen pharmazeutischen Produkten » Startseite Login / Registrierung | Ihre persönliche Seite | Warenkorb | Kasse Suche Literatur Produkte Ätherische/fette Öle Kosmetik Nahrungsergänzung/erg.bil. Diät Liefer- Versandkosten Datenschutz Unsere AGB Impressum Kontakt Widerrufsrecht Widerrufsformular Newsletter Biofrid Cosmetic GmbH &amp; Co.KG Hasseler Steinweg 9 27318 Hoya Postfach 1355 27316 Hoya Telefon 04251 9352-396 Telefax 04251 9352-290 Social Bookmarks Nahrungsergänzung/erg.bil. Diät Alkala® S Pulver Details Ab 16,50 EUR incl. 7 % UST exkl. Versandkosten Lieferzeit:3-7 Werktage* Arginin-diet Biofrid Details Ab 11,90 EUR incl. 7 % UST exkl. Versandkosten Lieferzeit:3-7 Werktage* EPALIPID® Details Ab 17,50 EUR incl. 7 % UST exkl. Versandkosten Lieferzeit:3-7 Werktage* Fischöl Kapseln Biofrid Details Ab 10,70 EUR incl. 7 % UST exkl. Versandkosten Lieferzeit:3-7 Werktage* Nachtkerzenöl Kapseln Details Ab 10,20 EUR incl. 7 % UST exkl. Versandkosten Lieferzeit:3-7 Werktage* Probikehl Details Ab 10,90 EUR incl. 7 % UST exkl. Versandkosten Lieferzeit:3-7 Werktage* RMS Biofrid Details Ab 18,00 EUR incl. 7 % UST exkl. Versandkosten Lieferzeit:3-7 Werktage* Selen-Biofrid Details Ab 5,50 EUR incl. 7 % UST exkl. Versandkosten Lieferzeit:3-7 Werktage* Zink-diet Biofrid Details Ab 9,00 EUR incl. 7 % UST exkl. Versandkosten Lieferzeit:3-7 Werktage* Zeige 1 9 (von insgesamt 9 Artikeln) Seiten: 1 Powered by First-Web * Gilt für Lieferungen Deutschland. Lieferzeiten für Länder Informationen Berechnung Liefertermins siehe </fragment> </item> <item> <fragment> Liefer- Versandkosten - Biofrid-Cosmetic GmbH &amp; Co. KG Herstellung Vertrieb diätetischen, kosmetischen pharmazeutischen Produkten » Startseite Login / Registrierung | Ihre persönliche Seite | Warenkorb | Kasse Suche Literatur Produkte Ätherische/fette Öle Kosmetik Nahrungsergänzung/erg.bil. Diät Liefer- Versandkosten Datenschutz Unsere AGB Impressum Kontakt Widerrufsrecht Widerrufsformular Newsletter Biofrid Cosmetic GmbH &amp; Co.KG Hasseler Steinweg 9 27318 Hoya Postfach 1355 27316 Hoya Telefon 04251 9352-396 Telefax 04251 9352-290 Social Bookmarks Liefer- Versandkosten Versand Deutschland (inkl. MwSt) : Die Ware Bestellwert 110,00 Euro versandkostenfrei geliefert, ansonsten berechnen Versandkosten gemäß nachstehenden Tabelle Gewicht bestellten Ware. Die Versendung erfolgt innerhalb Deutschland GLS. Gewichtsklasse Versandkosten (inkl. MwSt.) bis   1,0 kg 4,20 € über   1,0 kg bis   2,0 kg 4,60 € über   2,0 kg bis   5,0 kg 4,90 € über   5,0 kg 10,0 kg 5,60 € über 10,0 kg 25,0 kg 8,50 € über 25,0 kg 30,0 kg 9,20 € über 30,0 kg 40,0 kg 15,90 € Versand Europa Welt (inkl. MwSt) : Außerhalb Deutschlands erfolgt Versand per Post, GLS und DHL. Bei Sendungen 2 Kilo 500 Gramm Verpackung hinzugerechnet. Bei Sendungen 2 Kilo 25% bestellten Gewichts Verpackung hinzugerechnet. Versand Zone 1 Zone 2 Zone 3 Zone 4 bis      1 kg 17,00 € 17,00 € 17,00 € 17,00 € 1 kg -   2 kg 27,00 € 27,00 € 27,00 € 27,00 € 2 kg -   5 kg 18,00 € 32,00 € 38,00 € 45,00 € 5 kg - 10 kg 24,00 € 37,00 € 50,00 € 62,00 € 10 kg - 20 kg 34,00 € 52,00 € 71,00 € 95,00 € Achtung: versenden grundsätzlich bis 2,0 Kilo Maxibrief ab 2,0 Kilo Paket, Sendungsverfolgung möglich ist. Bis 5,0 kg würden somit Zone 1 = 18,00 Euro Versandkosten anfallen. Sollten Sie Fragen diesbezüglich haben, nehmen Sie bitte Kontakt auf. Lieferzeiten Information über Lieferzeiten: Die Frist für Lieferung Waren beginnt Zahlung per Vorkasse Tag Erteilung Zahlungsauftrags überweisende Kreditinstitut, Zahlung Rechnung Tag Vertragsschluss laufen endet Ablauf letzten Tages Frist. Fällt letzte Tag Frist Samstag, Sonntag Lieferort staatlich anerkannten Feiertag, Stelle Tages nächste Werktag. Lieferzeiten: Die Lieferzeit Deutschland erfolgt innerhalb 3-7 Werktagen. In nachfolgenden Tabelle finden Sie Lieferzeiten für Versand Länder, Sie jeweiligen Artikel angegebenen Lieferzeit hinzurechnen müssen. Versand Zone 1 Zone 2 Zone 3 Zone 4 zusätzliche Lieferzeit +14 +21 +21 +28 Zone 1: Europa I Andorra, Azoren, Belgien, Dänemark, Färöer (DK), Finnland, Frankreich, Griechenland, Grönland, Großbritannien, Guernsey, Irland, Italien, Jersey, Liechtenstein, Luxemburg, Monaco, Niederlande, Österreich, Polen, Portugal, San Marino, Schweden, Slowakei, Spanien (inklusive Balearen), Tschechische Republik, Vatikanstadt. Zone 2: Europa II Albanien, Armenien, Aserbaidschan, Belarus (Weißrussland), Bosnien Herzegowina, Bulgarien, Estland, Georgien, Island, Jugoslawien, Kanarische Inseln, Kasachstan, Kosovo, Kroatien, Lettland, Litauen, Mazedonien, Malta, Montenegro, Norwegen, Rumänien, Russische Föderation, Schweiz, Serbien, Slowenien, Türkei, Ukraine, Ungarn, Zypern. Zone 3: Welt I Ägypten, Algerien, Bahrain, Irak, Iran, Israel, Jemen, Jordanien, Kanada, Katar, Kuwait, Libanon, Libyen, Marokko, Oman, Saudi-Arabien, St. Pierre Miquelon, Syrien, Tunesien, USA, Vereinigte Arabische Emirate. Zone 4: Welt II Hierzu gehören Länder, übrigen Zonen eingeordnet sind. Wenn Sie Ihr Zielland Regionen auffinden, fällt Zone Powered by First-Web * Gilt für Lieferungen Deutschland. Lieferzeiten für Länder Informationen Berechnung Liefertermins siehe </fragment> </item> <item> <fragment> Allgemeine Geschäftsbedingungen - Biofrid-Cosmetic GmbH &amp; Co. KG Herstellung Vertrieb diätetischen, kosmetischen pharmazeutischen Produkten » Startseite Login / Registrierung | Ihre persönliche Seite | Warenkorb | Kasse Suche Literatur Produkte Ätherische/fette Öle Kosmetik Nahrungsergänzung/erg.bil. Diät Liefer- Versandkosten Datenschutz Unsere AGB Impressum Kontakt Widerrufsrecht Widerrufsformular Newsletter Biofrid Cosmetic GmbH &amp; Co.KG Hasseler Steinweg 9 27318 Hoya Postfach 1355 27316 Hoya Telefon 04251 9352-396 Telefax 04251 9352-290 Social Bookmarks Allgemeine Geschäftsbedingungen Allgemeine Geschäftsbedingungen § 1 Geltungsbereich Für Geschäftsbeziehungen Besteller gelten Bestellungen über Internetshop nachfolgenden Allgemeinen Geschäftsbedingungen Zeitpunkt Bestellung gültigen Fassung. § 2 Vertragsschluss Die Darstellung Produkte unserem Internetauftritt beinhaltet lediglich Aufforderung Kunden Abgabe Vertragsangebotes. Indem Kunde Bestellung absendet, Angebot Sinne § 145 BGB ab. Der Kunde erhält Bestätigung Empfangs Bestellung per e-Mail. Auf mögliche Fehler Angaben Sortiment Internetseite Kunden ggf. gesondert hinweisen entsprechendes Gegenangebot unterbreiten. Der Kunde verzichtet Zugang Annahmeerklärung, § 151 S.1 BGB. Der Vertrag zustande, Angebot Kunden innerhalb 10 Tagen schriftlich Textform annehmen  bestellte Ware übersenden Kunde Vorkasse leistet. Für Fall vereinbarten Zahlungsart Vorkasse erklären Annahme Vertrages Zeitpunkt, Kunde Vorkasse leistet, Zahlung innerhalb 10 Tagen Absendung Bestellung erfolgt. Sie tragen unmittelbaren Kosten Rücksendung Ware. § 3 Kostentragung Sendungskosten Falle Ausübung Widerrufsrechtes Bei Ausübung Widerrufsrechtes, Ihnen Zahlungen, Ihnen erhalten haben, einschließlich Lieferkosten (mit Ausnahme zusätzlichen Kosten, ergeben, Sie Art Lieferung angebotene, günstigste Standardlieferung gewählt haben), unverzüglich spätestens binnen vierzehn Tagen Tag zurückzuzahlen, Mitteilung über Ihren Widerruf Vertrags eingegangen ist. Für Rückzahlung verwenden Zahlungsmittel, Sie ursprünglichen Transaktion eingesetzt haben, denn, Ihnen ausdrücklich anderes vereinbart; Fall Ihnen Rückzahlung Entgelte berechnet. Wir können Rückzahlung verweigern, Waren zurückerhalten Sie Nachweis erbracht haben, Sie Waren zurückgesandt haben, nachdem, frühere Zeitpunkt ist. Sie tragen unmittelbaren Kosten Rücksendung. § 4 Lieferung, Versandkosten, Gefahrenübergang Die Lieferung erfolgt jeweils Einzelfall ausgewiesenen Versandkosten. Sofern Kunde Verbraucher ist, tragen unabhängig Versandart Fall Versandrisiko. Sofern Kunde Unternehmer ist, Risiken Gefahren Versendung Kunden über, sobald Ware beauftragten Logistikpartner übergeben ist. § 5  Eigentumsvorbehalt Die gelieferte Ware bleibt vollständigen Bezahlung Kaufpreises Eigentum. § 6  Gewährleistung Die Gewährleistung richtet gesetzlichen Vorschriften. § 7 Verbraucherinformationen Fernabsatzverträgen über Erwerb Waren Speziellen vorstehend erwähnten Verhaltenskodizes unterliegen nicht. Etwaige Eingabefehler Abgabe Ihrer Bestellung können Sie abschließenden Bestätigung Kasse erkennen Hilfe Lösch- Änderungsfunktion Absendung Bestellung jederzeit korrigieren. Die wesentlichen Merkmale angebotenen Waren Gültigkeitsdauer befristeter Angebote entnehmen Sie bitte einzelnen Produktbeschreibungen Rahmen unseres Internetangebots. Die für Vertragsabschluss Verfügung stehende Sprache ausschließlich Deutsch. Beanstandungen Gewährleistungsansprüche können Sie Anbieterkennzeichnung angegebenen Adresse vorbringen. Den Vertragstext können Sie über Druckfunktion Ihres Browsers ausdrucken. Der Vertragstext Bestellungen unserem Internetshop für Kunden zugänglich. Der Vertragstext ferner gespeichert. Informationen Zahlung, Lieferung Erfüllung entnehmen Sie bitte Angebot. Sie erhalten Vertragsschluss automatisch E-mail Informationen Abwicklung Vertrages. Die automatische E-Mail enthält Bestell-Nr. Überweisung fälligen Rechnungsbetrages anzugeben ist. Die Bestell-Nr. Regel übereinstimmen Rechnungsnummer. § 8 Verschiedenes Auf Vertragsverhältnis Kunden jeweiligen Geschäftsbedingungen findet Recht Bundesrepublik Deutschland Anwendung. Sofern Kunde Verbraucher ist, bleiben Recht Aufenthaltslandes Kunden Gunsten Verbrauchers bestehenden geltenden gesetzlichen Regelungen Rechte Vereinbarung unberührt. Die Anwendung UN-Kaufrecht ausgeschlossen. Ausschließlicher Gerichtsstand Gericht unseres Geschäftssitzes soweit Kunde Kaufmann Sinne HGB Körperschaft öffentlichen Rechts ist. Wir Recht, Sitz Kunden klagen. § 9 Salvatorische Klausel Sollten einzelne Bestimmungen Vertrages teilweise rechtswirksam Rechtswirksamkeit später verlieren, Gültigkeit Vertrages Übrigen berührt. Diese Seite drucken Powered by First-Web * Gilt für Lieferungen Deutschland. Lieferzeiten für Länder Informationen Berechnung Liefertermins siehe </fragment> </item> <item> <fragment> Widerrufsrecht - Biofrid-Cosmetic GmbH &amp; Co. KG Herstellung Vertrieb diätetischen, kosmetischen pharmazeutischen Produkten » Startseite Login / Registrierung | Ihre persönliche Seite | Warenkorb | Kasse Suche Literatur Produkte Ätherische/fette Öle Kosmetik Nahrungsergänzung/erg.bil. Diät Liefer- Versandkosten Datenschutz Unsere AGB Impressum Kontakt Widerrufsrecht Widerrufsformular Newsletter Biofrid Cosmetic GmbH &amp; Co.KG Hasseler Steinweg 9 27318 Hoya Postfach 1355 27316 Hoya Telefon 04251 9352-396 Telefax 04251 9352-290 Social Bookmarks Widerrufsrecht Widerrufsbelehrung für Verbraucher Verbrauchern steht Widerrufsrecht folgender Maßgabe zu, wobei Verbraucher natürliche Person ist, Rechtsgeschäft Zwecke abschließt, weder gewerblichen selbständigen beruflichen Tätigkeit zugerechnet können: Widerrufsbelehrung Widerrufsrecht Sie Recht, binnen vierzehn Tagen Angabe Gründen Vertrag widerrufen. Die Widerrufsfrist beträgt vierzehn Tage Tag Sie Ihnen benannter Dritter, Beförderer ist, letzte Ware Besitz genommen bzw. hat. Um Ihr Widerrufsrecht auszuüben, müssen Sie Biofrid-Cosmetic GmbH &amp; Co. KG, Hasseler Steinweg 9, 27318 Hoya; Tel.: 04251/9352-395; Fax: 04251/9352-290; info@biofrid.de mittels eindeutigen Erklärung (z. B. Post versandter Brief, Telefax E-Mail) über Ihren Entschluss, Vertrag widerrufen, informieren. Sie können dafür beigefügte Muster-Widerrufsformular verwenden, vorgeschrieben ist. Sie können Muster-Widerrufsformular eindeutige Erklärung Webseite www.biofrid.de elektronisch ausfüllen übermitteln. Machen Sie Möglichkeit Gebrauch, Ihnen unverzüglich (z. B. per E-Mail) Bestätigung über Eingang Widerrufs übermitteln.“ Zur Wahrung Widerrufsfrist reicht aus, Sie Mitteilung über Ausübung Widerrufsrechts Ablauf Widerrufsfrist absenden. Folgen Widerrufs Wenn Sie Vertrag widerrufen, Ihnen Zahlungen, Ihnen erhalten haben, einschließlich Lieferkosten (mit Ausnahme zusätzlichen Kosten, ergeben, Sie Art Lieferung angebotene, günstigste Standardlieferung gewählt haben), unverzüglich spätestens binnen vierzehn Tagen Tag zurückzuzahlen, Mitteilung über Ihren Widerruf Vertrags eingegangen ist. Für Rückzahlung verwenden Zahlungsmittel, Sie ursprünglichen Transaktion eingesetzt haben, denn, Ihnen ausdrücklich anderes vereinbart; Fall Ihnen Rückzahlung Entgelte berechnet. Wir können Rückzahlung verweigern, Waren zurückerhalten Sie Nachweis erbracht haben, Sie Waren zurückgesandt haben, nachdem, frühere Zeitpunkt ist. Sie Waren unverzüglich Fall spätestens binnen vierzehn Tagen Tag, Sie über Widerruf Vertrags unterrichten, zurückzusenden übergeben. Die Frist gewahrt, Sie Waren Ablauf Frist vierzehn Tagen absenden. Sie tragen unmittelbaren Kosten Rücksendung Waren. Sie müssen für etwaigen Wertverlust Waren aufkommen, Wertverlust Prüfung Beschaffenheit, Eigenschaften Funktionsweise Waren notwendigen Umgang zurückzuführen ist. Ende Widerrufsbelehrung Ausschluss Widerrufsrechts Lieferung Ton- Videoaufnahmen Computersoftware versiegelten Packung, Versiegelung Lieferung entfernt wurde. Allgemeine Hinweise 1. Bitte vermeiden Sie Beschädigungen Verunreinigungen Ware. Senden Sie Ware bitte möglichst Originalverpackung sämtlichem Zubehör Verpackungsbestandteilen zurück. Verwenden Sie ggf. schützende Umverpackung. Wenn Sie Originalverpackung besitzen, sorgen Sie bitte geeigneten Verpackung für ausreichenden Schutz Transportschäden. 2. Bitte beachten Sie, vorgenannte Ziffer 1 Voraussetzung für wirksame Ausübung Widerrufsrechts ist. Muster-Widerrufsformular (Wenn Sie Vertrag widerrufen wollen, füllen Sie bitte Formular senden Sie zurück.) - An Biofrid-Cosmetic GmbH &amp; Co. KG, Geschäftsführer: Reiner Kehlbeck, Heinfried Kehlbeck, Natascha Kehlbeck, Martin Stannat, Hasseler Steinweg 9, 27318 Hoya, Fax: 04251/9352-290, E-Mail: info@biofrid.de - Hiermit widerrufe(n) ich/ (*) mir/ (*) abgeschlossenen Vertrag über Kauf folgenden Waren (*)/die Erbringung folgenden Dienstleistung (*) - Bestellt (*)/ erhalten (*) - Name des/ Verbraucher(s) - Anschrift des/ Verbraucher(s) - Unterschrift des/ Verbraucher(s) (nur Mitteilung Papier) - Datum (*) Unzutreffendes streichen. Powered by First-Web * Gilt für Lieferungen Deutschland. Lieferzeiten für Länder Informationen Berechnung Liefertermins siehe </fragment> </item> <item> <fragment> - Biofrid-Cosmetic GmbH &amp; Co. KG Herstellung Vertrieb diätetischen, kosmetischen pharmazeutischen Produkten » Startseite Login / Registrierung | Ihre persönliche Seite | Warenkorb | Kasse Suche Literatur Produkte Ätherische/fette Öle Kosmetik Nahrungsergänzung/erg.bil. Diät Liefer- Versandkosten Datenschutz Unsere AGB Impressum Kontakt Widerrufsrecht Widerrufsformular Newsletter Biofrid Cosmetic GmbH &amp; Co.KG Hasseler Steinweg 9 27318 Hoya Postfach 1355 27316 Hoya Telefon 04251 9352-396 Telefax 04251 9352-290 Social Bookmarks Bestellung widerrufen Wenn Sie gesetzliche Widerrufsrecht für Ihre Bestellung unserem Shop ausüben möchten, können Sie folgende Formular Angabe Bestell-Nr. entsprechenden eMail-Adresse verwenden. Nach Absenden Formulars erhalten Sie automatische Bestätigung über Erhalt Widerrufs. Ihre Bestell-Nr.: Ihre eMail-Adresse: Powered by First-Web * Gilt für Lieferungen Deutschland. Lieferzeiten für Länder Informationen Berechnung Liefertermins siehe </fragment> </item> <item> <fragment> Biofrid-Cosmetic GmbH &amp; Co. KG Herstellung Vertrieb diätetischen, kosmetischen pharmazeutischen Produkten » Startseite Login / Registrierung | Ihre persönliche Seite | Warenkorb | Kasse Suche Literatur Produkte Ätherische/fette Öle Kosmetik Nahrungsergänzung/erg.bil. Diät Liefer- Versandkosten Datenschutz Unsere AGB Impressum Kontakt Widerrufsrecht Widerrufsformular Newsletter Biofrid Cosmetic GmbH &amp; Co.KG Hasseler Steinweg 9 27318 Hoya Postfach 1355 27316 Hoya Telefon 04251 9352-396 Telefax 04251 9352-290 Social Bookmarks Newsletter Sicherheitscode Sicherheitscode Herr Frau Ihr Vorname Ihr Nachname Ihre E-Mail-Adresse eintragen austragen Powered by First-Web * Gilt für Lieferungen Deutschland. Lieferzeiten für Länder Informationen Berechnung Liefertermins siehe </fragment> </item> <item> <fragment> Propolis Creme Biofrid - Biofrid-Cosmetic GmbH &amp; Co. KG Herstellung Vertrieb diätetischen, kosmetischen pharmazeutischen Produkten » Startseite Login / Registrierung | Ihre persönliche Seite | Warenkorb | Kasse Suche Literatur Produkte Ätherische/fette Öle Kosmetik Nahrungsergänzung/erg.bil. Diät Liefer- Versandkosten Datenschutz Unsere AGB Impressum Kontakt Widerrufsrecht Widerrufsformular Newsletter Biofrid Cosmetic GmbH &amp; Co.KG Hasseler Steinweg 9 27318 Hoya Postfach 1355 27316 Hoya Telefon 04251 9352-396 Telefax 04251 9352-290 Social Bookmarks [weiter&gt;] [Letztes&gt;&gt;] 54 Artikel Kategorie Propolis Creme Biofrid 100 ml bisheriges Design Inhalt: 100 ml Art.Nr.: 24020100 PZN: 4255949 Preis: 6,90 EUR PAngV: 6,90 EUR pro 100 ml Gewicht: 0.15 Kg Ab 6,90 EUR incl. 19 % UST exkl. Versandkosten Lieferzeit: 3-7 Werktage* Art Produkts: Creme Beschreibung: Optimaler Schutz für beanspruchte Entzündungen neigende Haut Propolis altbewährter Kosmetikzusatz wertvollen Inhaltsstoffen Eisen, Zink, Magnesium Provitamin A E. Propolis Creme Biofrid enthält Propolis Zusätze Arnica montana, Allantoin, Glycerin Bienenwachs, Zusammensetzung Pflege regenerationsbedürftigen Haut fein abgestimmt sind. Propolis Creme Biofrid eignet Pflege spröder gereizter Problemhaut, Sonnenbad. Inhaltsstoffe: Aqua, Paraffinum Liquidum, Polyethylene, Isopropyl Palmitate, Polyglyceryl-2-Sesquiisostearate, Cera Microcristallina, Paraffin, Magnesium Stearate, Cera Alba, Aluminum Stearate, Glycine Soja, Arnica Montana, PEG-7 Hydrogenated Castor Oil, Glycerin, Cera Flava, Propolis Cera, Propylene Glycol, Magnesium Sulfate, Benzyl Alcohol, Methylchloroisothiazolinone, Methylisothiazolinone, Allantoin, Butylphenyl Methylpropional, Alpha-Isomethyl Ionone, Benzyl Benzoate, Citronellol, Geraniol, Hexyl Cinnamal, Hydroxycitronellal, Linalool. Kunden, Artikel kauften, folgende Artikel gekauft: Arginin-diet Biofrid Ab 11,90 EUR incl. 7 % UST exkl. Versandkosten Majoranöl, kbA Ab 6,90 EUR incl. 19 % UST exkl. Versandkosten Zitronenöl, kbA Ab 6,50 EUR incl. 19 % UST exkl. Versandkosten Thymianöl (linalol), kbA Ab 11,40 EUR incl. 19 % UST exkl. Versandkosten RMS Biofrid Ab 18,00 EUR incl. 7 % UST exkl. Versandkosten Fischöl Kapseln Biofrid Ab 10,70 EUR incl. 7 % UST exkl. Versandkosten Powered by First-Web * Gilt für Lieferungen Deutschland. Lieferzeiten für Länder Informationen Berechnung Liefertermins siehe </fragment> </item> <item> <fragment> Arnica Creme Biofrid - Biofrid-Cosmetic GmbH &amp; Co. KG Herstellung Vertrieb diätetischen, kosmetischen pharmazeutischen Produkten » Startseite Login / Registrierung | Ihre persönliche Seite | Warenkorb | Kasse Suche Literatur Produkte Ätherische/fette Öle Kosmetik Nahrungsergänzung/erg.bil. Diät Liefer- Versandkosten Datenschutz Unsere AGB Impressum Kontakt Widerrufsrecht Widerrufsformular Newsletter Biofrid Cosmetic GmbH &amp; Co.KG Hasseler Steinweg 9 27318 Hoya Postfach 1355 27316 Hoya Telefon 04251 9352-396 Telefax 04251 9352-290 Social Bookmarks [weiter&gt;] [Letztes&gt;&gt;] 54 Artikel Kategorie Arnica Creme Biofrid 100 ml bisheriges Design Inhalt: 100 ml Art.Nr.: 23520100 PZN: 4255932 Preis: 6,90 EUR PAngV: 6,90 EUR pro 100 ml Gewicht: 0.14 Kg Ab 6,90 EUR incl. 19 % UST exkl. Versandkosten Lieferzeit: 3-7 Werktage* Art Produkts: Creme Beschreibung: Optimaler Schutz für empfindliche Haut natürlichem UV-Filter Arnica montana Jahrhunderten erfolgreich eingesetzt. Überragende pflegende Eigenschaften, Hautirritationen, bedingen hohen Stellenwert Heilpflanze Kosmetik. Arnica Creme Biofrid enthält Arnica montana wertvolle Zusätze Kamille, Hamamelis, Beta-Carotin Bienenwachs ausgewogener Kombination. Sie vielseitigen Haut- Körperpflege empfohlen Bedürfnisse rauer, empfindlicher Haut abgestimmt. Inhaltsstoffe: Water (aqua), Isopropyl Palmitate, Polyglyceryl-2 Sesquiisostearate, Mineral Oil (paraffinum liquidum), Microcrystalline Wax (cera micorocristallina), Paraffin, Magnesium Stearate, Beeswax (cera alba), Aluminum Stearate, Polyethylene, Soybean (glycine soja) oily extract, Arnica Montana extract, PEG-7 Hydrogenated Castor Oil, Glycerin, Beeswax (cera flava), Propylene Glycol, Witch Hazel (hamamelis virginiana), Alcohol denat., Magnesium Sulfate, Beta Carotene, Bisabolol 100, Fragrance (parfum), Benzyl Alcohol, Methylchloroisothiazolinone, Methylisothiazolinone, Allantoin Kunden, Artikel kauften, folgende Artikel gekauft: Didier® Badeperlen Germanium Ab 19,90 EUR incl. 19 % UST exkl. Versandkosten Didier® Hautcreme Germanium Ab 19,90 EUR incl. 19 % UST exkl. Versandkosten Fischöl Kapseln Biofrid Ab 10,70 EUR incl. 7 % UST exkl. Versandkosten Arginin-diet Biofrid Ab 11,90 EUR incl. 7 % UST exkl. Versandkosten Nachtkerzenöl Kapseln Ab 10,20 EUR incl. 7 % UST exkl. Versandkosten EPALIPID® Ab 17,50 EUR incl. 7 % UST exkl. Versandkosten Powered by First-Web * Gilt für Lieferungen Deutschland. Lieferzeiten für Länder Informationen Berechnung Liefertermins siehe </fragment> </item> <item> <fragment> Fish Oil Capsules Biofrid - Biofrid-Cosmetic GmbH &amp; Co. KG Herstellung Vertrieb diätetischen, kosmetischen pharmazeutischen Produkten » Home Login / Register | Your account | Shopping Cart | Cash box Search Literature Products Cosmetics Dietary Supplement Essential/fatty oils Shipping &amp; Returns Privacy Notice General terms and conditions Imprint Contact Right of revocation Standard withdrawal form Newsletter Biofrid Cosmetic GmbH &amp; Co.KG Hasseler Steinweg 9 27318 Hoya Postfach 1355 27316 Hoya Telefon 04251 9352-396 Telefax 04251 9352-290 Social Bookmarks [&lt;&lt;First] [&lt;Back] [Next&gt;] [last&gt;&gt;] 54 Articles this categorie Fish Oil Capsules Biofrid 240er 60er Volume: 60 Capsules Product No.: 37311060 PZN: 10132493 Price: 10,70 EUR Price reg.: 25,48 EUR per 100 Gramme Weight: 0.07 Kg 240 Capsules Product No.: 37311240 PZN: 10132501 Price: 32,90 EUR Price reg.: 19,58 EUR per 100 Gramme Weight: 0.24 Kg from 10,70 EUR incl. 7 % Tax excl. Shipping costs Shipping time: 3-7 working days* Food supplement containing unsaturated fatty acids Ingredients: Fish Oil 71,4%, Gelatine, Humectant: Glycerine, DL-alpha-Tocopheryl acetate, Antioxidant: tocopherol-rich Extracts Contents: 42 (60 Capsules) 168 (240 Capsules) Recommended intake: 3 times day 2 capsules to be taken with meal Health Claim(s): EPA and DHA contribute to the normal function of the heart DHA contributes to the normal function of the brain function and vision Notice: The oil of Fish Oil Capsules Biofrid is gained from deep sea fish and contains unsaturated fatty acids (the so-called omega-3 fatty acids EPA and DHA). The substitution of saturated fatty acids by mono and/or polyunsaturated fatty acids the nutrition contributes to the maintenance of normal cholesterol level the blood. The human organism is unable to sufficiently produce them itself, therefore they have to be ingested with food. With daily intake of 250 mg DHA the positive effect of the maintenance of normal brain function and vision sets in. With daily intake of 250 mg EPA and DHA the positive effect of the maintenance of normal heart function sets in. This food supplement is not replacement for diversified and balanced diet and healthy lifestyle. Do not exceed the recommended daily dose. Keep away from children. Table of nutrients: Nutrient per Day (6 Capsules) % T.B. 1) Fish Oil 3.000 mg 2) * thereof Eicosapentaenoic acid (EPA) 480 mg 2) * thereof Docosahexaenoic acid (DHA) 300 mg 2) * thereof Omega-3 fatty acids 900 mg 1) Reference quantity according to LIMV 2) No RDA-Value scheduled Table of nutritive value: Calorific value 126 kJ/ 30 kcal Fat 3,0 * thereof saturated fatty acids 0,6 * thereof single unsaturated fatty acids 0,6 * thereof multiple unsaturated fatty acids 1,2 Carbohydrate 0,3 * thereof sugar 0 Protein 0,6 Salt &lt; 0,1 Vitamin E 1,8 mg alpha-TE 15 Allergens: Fish Producer: Sanum-Kehlbeck GmbH &amp; Co. KG, Hasseler Steinweg 9, 27318 Hoya Customers who bought this product bought the following products: Nachtkerzenöl Kapseln from 10,20 EUR incl. 7 % Tax excl. Shipping costs Didier® Evening Primrose Vitamin E Creme from 7,50 EUR incl. 19 % Tax excl. Shipping costs Didier® Skin Moisturising Cream with Germanium from 19,90 EUR incl. 19 % Tax excl. Shipping costs Arnica Cream Biofrid from 6,90 EUR incl. 19 % Tax excl. Shipping costs Calendula Cream Biofrid from 6,90 EUR incl. 19 % Tax excl. Shipping costs Propolis Cream Biofrid from 6,90 EUR incl. 19 % Tax excl. Shipping costs Powered by First-Web * Gilt für Lieferungen Deutschland. Lieferzeiten für Länder Informationen Berechnung Liefertermins siehe </fragment> </item> <item> <fragment> Zimtblätteröl, kbA - Biofrid-Cosmetic GmbH &amp; Co. KG Herstellung Vertrieb diätetischen, kosmetischen pharmazeutischen Produkten » Startseite Login / Registrierung | Ihre persönliche Seite | Warenkorb | Kasse Suche Literatur Produkte Ätherische/fette Öle Kosmetik Nahrungsergänzung/erg.bil. Diät Liefer- Versandkosten Datenschutz Unsere AGB Impressum Kontakt Widerrufsrecht Widerrufsformular Newsletter Biofrid Cosmetic GmbH &amp; Co.KG Hasseler Steinweg 9 27318 Hoya Postfach 1355 27316 Hoya Telefon 04251 9352-396 Telefax 04251 9352-290 Social Bookmarks [weiter&gt;] [Letztes&gt;&gt;] 54 Artikel Kategorie Zimtblätteröl, kbA Inhalt: 5 ml Art.Nr.: 93851 PZN: 6872221 Preis: 4,00 EUR PAngV: 80,00 EUR pro 100 ml Gewicht: 0.05 Kg Ab 4,00 EUR incl. 19 % UST exkl. Versandkosten Lieferzeit: 3-7 Werktage* Herkunft: Sri Lanka Art Produkts: Ätherisches Öl kontrolliert biologischem Anbau (kbA) Beschreibung: Der Duft ätherischen Zimtöles Verwendung Pflanze Küche bekannt. Würzig, süß angenehm mild wirkt erwärmend, anregend inspirierend. Er vermittelt Gefühl angenehmen Geborgenheit. Hinweis: Unsere ätherischen fetten Öle kontrolliert biologischem Anbau (kbA) höchster Qualität. Es handelt flüchtige, hochkonzentrierte, ölige Substanzen, unterschiedlichen Herstellungsverfahren - Wasserdampfdestillation kalte Pressung - verschiedenen Pflanzenteilen gewonnen werden. Sie zumeist farblos hinterlassen Regel (außer Kaltpressung) sichtbaren Spuren, verflüchtigt haben. Diese ätherischen Öle 100% naturrein. Der Einsatz ätherischer Öle sparsam bewusst geschehen. Sie dienen Raumbeduftung Luftverbesserung. Sie dürfen unverdünnt Haut Schleimhäuten Kontakt gebracht werden, Reizungen führen können. In Schwangerschaft Kindern besondere Vorsicht geboten. Die angebotenen genuinen ätherischen Öle aufgrund Vielzahl einzigen Pflanze enthaltenen Duftstoffe umfassendes Bouquet. Darauf bezüglich Wahl Herkunftslandes Wert gelegt, Sortiment bewusst knapp gehalten. Aufgrund Lieferengpässen Ernteausfällen Ausnahmefällen Land gewechselt werden. Als Trägeröl bieten Jojobaöl an. Inhalt: Cinnamomum ceylanicum Blättern Kunden, Artikel kauften, folgende Artikel gekauft: Bergamotteöl, kbA Ab 8,50 EUR incl. 19 % UST exkl. Versandkosten Rosengeranienöl, kbA Ab 7,70 EUR incl. 19 % UST exkl. Versandkosten Thymianöl (linalol), kbA Ab 11,40 EUR incl. 19 % UST exkl. Versandkosten Didier® Badeperlen Germanium (Beutel) Ab 191,60 EUR incl. 19 % UST exkl. Versandkosten RMS Biofrid Ab 18,00 EUR incl. 7 % UST exkl. Versandkosten EPALIPID® Ab 17,50 EUR incl. 7 % UST exkl. Versandkosten Powered by First-Web * Gilt für Lieferungen Deutschland. Lieferzeiten für Länder Informationen Berechnung Liefertermins siehe </fragment> </item> <item> <fragment> Sojalecithin EPALIPID® - Biofrid-Cosmetic GmbH &amp; Co. KG Herstellung Vertrieb diätetischen, kosmetischen pharmazeutischen Produkten » Home Login / Register | Your account | Shopping Cart | Cash box Search Literature Products Cosmetics Dietary Supplement Essential/fatty oils Shipping &amp; Returns Privacy Notice General terms and conditions Imprint Contact Right of revocation Standard withdrawal form Newsletter Biofrid Cosmetic GmbH &amp; Co.KG Hasseler Steinweg 9 27318 Hoya Postfach 1355 27316 Hoya Telefon 04251 9352-396 Telefax 04251 9352-290 Social Bookmarks [&lt;&lt;First] [&lt;Back] [Next&gt;] [last&gt;&gt;] 54 Articles this categorie EPALIPID® design far Volume: 300 Product No.: 35030 PZN: 148671 Price: 17,50 EUR Price reg.: 5,83 EUR per 100 Gramme Weight: 0.4 Kg from 17,50 EUR incl. 7 % Tax excl. Shipping costs Shipping time: 3-7 working days* Food Supplement Ingredients soy bean lecithin (without genetic engineering ) Contents: 300 (equates to 20 daily portions á 15 g) Recommended intake: 3 teaspoons daily (Stir into liquids or sprinkle over food at discretion) Notice Soybean lecithin is phospholipid mixture containing the typical ingredients of Phosphateidylcholine, Phosphateidylethanolamine and Phosphateidylinositol. These include large percentage of fatty acids among which the multiple polyunsaturated linol and linolenic acids are predominant. This food supplement is not replacement for diversified and balanced diet and healthy lifestyle. Do not exceed the recommended daily dose. Keep away from children. Table of nutrients: per 100 per day (3 teaspoons ca. 15 g) Lecithin 100 15 *) * thereof linoleic acid 29,0 4,4 * thereof linolenic acid 3,5 0,53 *) no reference quantity according to LMIV Table of nutritive value Calorific value 3.700 kJ/ 900 kcal 555 kJ/ 135 kcal Fat 91 13,7 * thereof saturated fatty acids 12 1,8 Carbohydrate 8 1,2 * thereof sugar 4 0,6 Protein 0 0 Salt 0,1 &lt; 0,1 Allergens Soy Producer: Sanum-Kehlbeck GmbH &amp; Co. KG, Hasseler Steinweg 9, 27318 Hoya Customers who bought this product bought the following products: Arginin-diet Biofrid from 11,90 EUR incl. 7 % Tax excl. Shipping costs Nachtkerzenöl Kapseln from 10,20 EUR incl. 7 % Tax excl. Shipping costs Didier® Evening Primrose Vitamin E Lotion from 10,60 EUR incl. 19 % Tax excl. Shipping costs Arnica Cream Biofrid from 6,90 EUR incl. 19 % Tax excl. Shipping costs Selen-Biofrid from 5,50 EUR incl. 7 % Tax excl. Shipping costs Cinnamon, organic from 4,00 EUR incl. 19 % Tax excl. Shipping costs Powered by First-Web * Gilt für Lieferungen Deutschland. Lieferzeiten für Länder Informationen Berechnung Liefertermins siehe </fragment> </item> <item> <fragment> Rosengeranienöl, kbA - Biofrid-Cosmetic GmbH &amp; Co. KG Herstellung Vertrieb diätetischen, kosmetischen pharmazeutischen Produkten » Startseite Login / Registrierung | Ihre persönliche Seite | Warenkorb | Kasse Suche Literatur Produkte Ätherische/fette Öle Kosmetik Nahrungsergänzung/erg.bil. Diät Liefer- Versandkosten Datenschutz Unsere AGB Impressum Kontakt Widerrufsrecht Widerrufsformular Newsletter Biofrid Cosmetic GmbH &amp; Co.KG Hasseler Steinweg 9 27318 Hoya Postfach 1355 27316 Hoya Telefon 04251 9352-396 Telefax 04251 9352-290 Social Bookmarks [weiter&gt;] [Letztes&gt;&gt;] 54 Artikel Kategorie Rosengeranienöl, kbA Inhalt: 5 ml Art.Nr.: 93601 PZN: 6872037 Preis: 7,70 EUR PAngV: 154,00 EUR pro 100 ml Ab 7,70 EUR incl. 19 % UST exkl. Versandkosten Lieferzeit: 3-7 Werktage* Herkunft: Ägypten Art Produkts: Ätherisches Öl kontrolliert biologischem Anbau (kbA) Beschreibung: Der Duft Öls rosenähnlich, warm blumig. Deshalb Gefühl stark angesprochen. Die Duftnote ausgleichend, sinnlich, anregend. Hinweis: Unsere ätherischen fetten Öle kontrolliert biologischem Anbau (kbA) höchster Qualität. Es handelt flüchtige, hochkonzentrierte, ölige Substanzen, unterschiedlichen Herstellungsverfahren - Wasserdampfdestillation kalte Pressung - verschiedenen Pflanzenteilen gewonnen werden. Sie zumeist farblos hinterlassen Regel (außer Kaltpressung) sichtbaren Spuren, verflüchtigt haben. Diese ätherischen Öle 100% naturrein. Der Einsatz ätherischer Öle sparsam bewusst geschehen. Sie dienen Raumbeduftung Luftverbesserung. Sie dürfen unverdünnt Haut Schleimhäuten Kontakt gebracht werden, Reizungen führen können. In Schwangerschaft Kindern besondere Vorsicht geboten. Die angebotenen genuinen ätherischen Öle aufgrund Vielzahl einzigen Pflanze enthaltenen Duftstoffe umfassendes Bouquet. Darauf bezüglich Wahl Herkunftslandes Wert gelegt, Sortiment bewusst knapp gehalten. Aufgrund Lieferengpässen Ernteausfällen Ausnahmefällen Land gewechselt werden. Als Trägeröl bieten Jojobaöl an. Inhalt: Pelargonium graveolens Blättern Kunden, Artikel kauften, folgende Artikel gekauft: Didier® Hautcreme Germanium Ab 19,90 EUR incl. 19 % UST exkl. Versandkosten Didier® Nachtkerzen-Vitamin E Lotion Ab 10,60 EUR incl. 19 % UST exkl. Versandkosten Ringelblumen Creme Biofrid Ab 6,90 EUR incl. 19 % UST exkl. Versandkosten Arginin-diet Biofrid Ab 11,90 EUR incl. 7 % UST exkl. Versandkosten Zimtblätteröl, kbA Ab 4,00 EUR incl. 19 % UST exkl. Versandkosten Zitronenöl, kbA Ab 6,50 EUR incl. 19 % UST exkl. Versandkosten Powered by First-Web * Gilt für Lieferungen Deutschland. Lieferzeiten für Länder Informationen Berechnung Liefertermins siehe </fragment> </item> <item> <fragment> Zink-diet Biofrid - Biofrid-Cosmetic GmbH &amp; Co. KG Herstellung Vertrieb diätetischen, kosmetischen pharmazeutischen Produkten » Startseite Login / Registrierung | Ihre persönliche Seite | Warenkorb | Kasse Suche Literatur Produkte Ätherische/fette Öle Kosmetik Nahrungsergänzung/erg.bil. Diät Liefer- Versandkosten Datenschutz Unsere AGB Impressum Kontakt Widerrufsrecht Widerrufsformular Newsletter Biofrid Cosmetic GmbH &amp; Co.KG Hasseler Steinweg 9 27318 Hoya Postfach 1355 27316 Hoya Telefon 04251 9352-396 Telefax 04251 9352-290 Social Bookmarks [&lt;&lt;Erstes] [&lt;zurück] [weiter&gt;] [Letztes&gt;&gt;] 54 Artikel Kategorie Zink-diet Biofrid 100er 40er Inhalt: 40 Kapseln Art.Nr.: 94802 PZN: 09192610 Preis: 9,00 EUR PAngV: 76,27 EUR pro 100 Gramm Gewicht: 0.04 Kg 100 Kapseln Art.Nr.: 94807 PZN: 09192627 Preis: 15,50 EUR PAngV: 52,54 EUR pro 100 Gramm Gewicht: 0.07 Kg Ab 9,00 EUR incl. 7 % UST exkl. Versandkosten Lieferzeit: 3-7 Werktage* Diätetisches Lebensmittel für besondere medizinische Zwecke (bilanzierte Diät) Zutaten: Füllstoff Cellulose, Überzugsmittel Hydroxypropylmethylcellulose, Zinkgluconat, Trennmittel Magnesiumsalze Speisefettsäuren Füllmenge: 11,8 (40 Kapseln) entsprechen 20 Tagesdosen á 2 Kapseln 29,5 (100 Kapseln) entsprechen 50 Tagesdosen á 2 Kapseln Verzehrempfehlung: 2 mal täglich 1 Kapsel Mahlzeit verzehren Zweckbestimmung Zur diätetischen Behandlung entzündlichen allergischen Hauterkrankungen (z.B. Neurodermitis) Haarausfall (z.B. Alopecia areata) Zufuhr Zink. Hinweis Zink für normale Entwicklung Funktion Haut Hautanhangsgebilde zentraler Bedeutung. Das Spurenelement Zink Bestandteil zahlreicher lebensnotwendiger Enzyme für Funktion Hormone benötigt. Zink Körper hergestellt gespeichert werden. Es über gesunde ausgewogene Ernährung zugeführt werden. Ein Mangel Zink Störungen Hautstoffwechsels Bildung Haaren Nägeln führen. Im Körper wirkt Zink Antioxidans schützt freien Radikalen. In Zinkgluconat Zink organisch gebunden Körper aufgenommen werden. Zink-diet für Erwachsene bestimmt ergänzende bilanzierte Diät ärztlicher Aufsicht verwendet werden. Da Erfahrungen Schwangeren stillenden Frauen vorliegen, Personengruppe Verzehr Zink-diet abzuraten. Zink-diet schweren Schäden Nierenparenchyms akutem Nierenversagen anzuwenden. Dieses diätetische Lebensmittel Ersatz für abwechslungsreiche ausgewogene Ernährung gesunde Lebensweise. Die angegebene Tagesdosis überschreiten. Für Kinder unzugänglich aufbewahren. Nährstofftabelle: Nährstoff pro (100 g) pro Portion (1 Kapseln) pro Tag (2 Kapseln) Zink 2,5 7,5 mg 15,0 mg Nährwerttabelle Brennwert 24,8 kJ/ 6,0 kcal 0,1 kJ/ Fett 0,7 * gesättigte Fettsäuren 0,7 Kohlenhydrate 0 0 0 * Zucker 0 0 0 Eiweiß 0 0 0 Salz 0 0 0 Allergene enthalten Hersteller: Sanum-Kehlbeck GmbH &amp; Co. KG, Hasseler Steinweg 9, 27318 Hoya Kunden, Artikel kauften, folgende Artikel gekauft: Nachtkerzenöl Kapseln Ab 10,20 EUR incl. 7 % UST exkl. Versandkosten Didier® Nachtkerzen-Vitamin E-Creme Ab 7,50 EUR incl. 19 % UST exkl. Versandkosten Didier® Nachtkerzen-Vitamin E Lotion Ab 10,60 EUR incl. 19 % UST exkl. Versandkosten Didier® Hautcreme Germanium Ab 19,90 EUR incl. 19 % UST exkl. Versandkosten Palmarosaöl, kbA Ab 5,90 EUR incl. 19 % UST exkl. Versandkosten Cajeputöl, kbA Ab 6,90 EUR incl. 19 % UST exkl. Versandkosten Powered by First-Web * Gilt für Lieferungen Deutschland. Lieferzeiten für Länder Informationen Berechnung Liefertermins siehe </fragment> </item> <item> <fragment> Selen-Biofrid - Biofrid-Cosmetic GmbH &amp; Co. KG Herstellung Vertrieb diätetischen, kosmetischen pharmazeutischen Produkten » Startseite Login / Registrierung | Ihre persönliche Seite | Warenkorb | Kasse Suche Literatur Produkte Ätherische/fette Öle Kosmetik Nahrungsergänzung/erg.bil. Diät Liefer- Versandkosten Datenschutz Unsere AGB Impressum Kontakt Widerrufsrecht Widerrufsformular Newsletter Biofrid Cosmetic GmbH &amp; Co.KG Hasseler Steinweg 9 27318 Hoya Postfach 1355 27316 Hoya Telefon 04251 9352-396 Telefax 04251 9352-290 Social Bookmarks [&lt;&lt;Erstes] [&lt;zurück] [weiter&gt;] [Letztes&gt;&gt;] 54 Artikel Kategorie Selen-Biofrid 100er 20er Inhalt: 20 Kapseln Art.Nr.: 96601 PZN: 4240988 Preis: 5,50 EUR PAngV: 67,90 EUR pro 100 Gramm Gewicht: 0.03 Kg 100 Kapseln Art.Nr.: 96607 PZN: 4241522 Preis: 15,90 EUR PAngV: 39,36 EUR pro 100 Gramm Gewicht: 0.08 Kg Ab 5,50 EUR incl. 7 % UST exkl. Versandkosten Lieferzeit: 3-7 Werktage* Nahrungsergänzungsmittel L-Selenomethionin Zutaten: Füllstoff Cellulose, Überzugsmittel Hydroxypropylmethylcellulose, Füllstoff Monocalciumphosphat, Trennmittel Magnesiumsalze Speisefettsäuren, L-Selenomethionin. Füllmenge: 8,1 (20 Kapseln) 40,4 (100 Kapseln) Verzehrempfehlung: täglich 1 Kapsel Mahlzeit verzehren Health Claim(s) Unterstützung Zellschutzes funktionsfähigen Immunsystems Verwertung Jod Produktion Schilddrüsenhormonen. Hinweis Selen zählt essentiellen Spurenelementen. Das Gruppe Chalkogene (Erzbildner) zählende Element findet Pflanzen vorzugsweise Form L-Selenomethionin. Im Körper Menschen 20 Milligramm Selen vorhanden. Die Hauptmenge Muskeln lokalisiert. Die höchsten Konzentrationen treten Leber, Niere Milz auf. Selen schützt Körperzellen oxidativen Schädigungen. Selen hilft freie Radikale abzufangen unterstützt Funktion Immunsystems. Der Körper braucht Selen für Verwertung Jod Produktion Schilddrüsenhormonen. Die angegebene empfohlene tägliche Verzehrmenge überschritten werden. Nahrungsergänzungsmittel Ersatz für ausgewogene abwechslungsreiche Ernährung gesunde Lebensweise verwendet werden. Bitte außerhalb Reichweite Kindern lagern. Nährstofftabelle: Nährstoff pro 100 pro Tag (1 Kapsel) % NRV *) Selen 7 mg 30 μg 55% *) Referenzmenge gemäß Lebensmittelinformationsverordnung Nährwerttabelle Brennwert 5,8 kJ/ 1,4 kcal 0 kJ/ 0 kcal Fett 0,2 0 * gesättigte Fettsäuren 0,2 0 Kohlenhydrate 0 0 * Zucker 0 0 Eiweiß 0 0 Salz 0 0 Allergene enthalten Hersteller: Sanum-Kehlbeck GmbH &amp; Co. KG, Hasseler Steinweg 9, 27318 Hoya Kunden, Artikel kauften, folgende Artikel gekauft: Nachtkerzenöl Kapseln Ab 10,20 EUR incl. 7 % UST exkl. Versandkosten Didier® Nachtkerzen-Vitamin E Lotion Ab 10,60 EUR incl. 19 % UST exkl. Versandkosten Didier® Hautcreme Germanium Ab 19,90 EUR incl. 19 % UST exkl. Versandkosten Fischöl Kapseln Biofrid Ab 10,70 EUR incl. 7 % UST exkl. Versandkosten Lavendelöl, kbA Ab 8,50 EUR incl. 19 % UST exkl. Versandkosten EPALIPID® Ab 17,50 EUR incl. 7 % UST exkl. Versandkosten Powered by First-Web * Gilt für Lieferungen Deutschland. Lieferzeiten für Länder Informationen Berechnung Liefertermins siehe </fragment> </item> <item> <fragment> rechtsdrehende Milchsäure RMS Biofrid - Biofrid-Cosmetic GmbH &amp; Co. KG Herstellung Vertrieb diätetischen, kosmetischen pharmazeutischen Produkten » Startseite Login / Registrierung | Ihre persönliche Seite | Warenkorb | Kasse Suche Literatur Produkte Ätherische/fette Öle Kosmetik Nahrungsergänzung/erg.bil. Diät Liefer- Versandkosten Datenschutz Unsere AGB Impressum Kontakt Widerrufsrecht Widerrufsformular Newsletter Biofrid Cosmetic GmbH &amp; Co.KG Hasseler Steinweg 9 27318 Hoya Postfach 1355 27316 Hoya Telefon 04251 9352-396 Telefax 04251 9352-290 Social Bookmarks [&lt;&lt;Erstes] [&lt;zurück] [weiter&gt;] [Letztes&gt;&gt;] 54 Artikel Kategorie RMS Biofrid Inhalt: 100 ml Art.Nr.: 96707 PZN: 10132470 Preis: 18,00 EUR PAngV: 180,00 EUR pro Liter Gewicht: 0.24 Kg Ab 18,00 EUR incl. 7 % UST exkl. Versandkosten Lieferzeit: 3-7 Werktage* Nahrungsergänzungsmittel Zutaten: Wasser, Milchsäure (25 %). Füllmenge: 100 ml (entsprechen 135 Tagesdosen á 20 Tropfen bzw. 45 Tagesdosen á 60 Tropfen) Verzehrempfehlung: 1-3 mal täglich 20 Tropfen verdünnt Wasser Tee einnehmen. Hinweis Die angegebene empfohlene tägliche Verzehrmenge überschritten werden. Nahrungsergänzungsmittel Ersatz für ausgewogene abwechslungsreiche Ernährung gesunde Lebensweise verwendet werden. Bitte außerhalb Reichweite Kindern lagern. Nicht unverdünnt einnehmen. Nährstofftabelle: Nährstoff pro 100 ml pro 20 Tropfen pro 3 20 (= 60) Tropfen L(+)-Milchsäure 25 185 mg 555 mg *) *) Referenzmenge gemäß Lebensmittelinformationsverordnung Nährwerttabelle Brennwert 325 kJ/ 2,4 kJ/ 7,2 kJ/ 75 kcal 0,6 kcal 1,7 kcal Fett 0 0 0 * gesättigte Fettsäuren 0 0 0 Kohlenhydrate 0 0 0 * Zucker 0 0 0 Eiweiß 0 0 0 Salz 0 0 0 Allergene enthalten Hersteller: Sanum-Kehlbeck GmbH &amp; Co. KG, Hasseler Steinweg 9, 27318 Hoya Kunden, Artikel kauften, folgende Artikel gekauft: Teebaumöl, kbA Ab 6,90 EUR incl. 19 % UST exkl. Versandkosten Jojobaöl, kbA Ab 6,90 EUR incl. 19 % UST exkl. Versandkosten Didier® Nachtkerzen-Vitamin E Lotion Ab 10,60 EUR incl. 19 % UST exkl. Versandkosten Nachtkerzenöl Kapseln Ab 10,20 EUR incl. 7 % UST exkl. Versandkosten Zedernöl, kbA Ab 8,50 EUR incl. 19 % UST exkl. Versandkosten Didier® Badeperlen Germanium Ab 19,90 EUR incl. 19 % UST exkl. Versandkosten Powered by First-Web * Gilt für Lieferungen Deutschland. Lieferzeiten für Länder Informationen Berechnung Liefertermins siehe </fragment> </item> <item> <fragment> Zink-diet Biofrid - Biofrid-Cosmetic GmbH &amp; Co. KG Herstellung Vertrieb diätetischen, kosmetischen pharmazeutischen Produkten » Startseite Login / Registrierung | Ihre persönliche Seite | Warenkorb | Kasse Suche Literatur Produkte Ätherische/fette Öle Kosmetik Nahrungsergänzung/erg.bil. Diät Liefer- Versandkosten Datenschutz Unsere AGB Impressum Kontakt Widerrufsrecht Widerrufsformular Newsletter Biofrid Cosmetic GmbH &amp; Co.KG Hasseler Steinweg 9 27318 Hoya Postfach 1355 27316 Hoya Telefon 04251 9352-396 Telefax 04251 9352-290 Social Bookmarks [&lt;&lt;Erstes] [&lt;zurück] [weiter&gt;] [Letztes&gt;&gt;] 54 Artikel Kategorie Zink-diet Biofrid 100er 40er Inhalt: 40 Kapseln Art.Nr.: 94802 PZN: 09192610 Preis: 9,00 EUR PAngV: 76,27 EUR pro 100 Gramm Gewicht: 0.04 Kg 100 Kapseln Art.Nr.: 94807 PZN: 09192627 Preis: 15,50 EUR PAngV: 52,54 EUR pro 100 Gramm Gewicht: 0.07 Kg Ab 9,00 EUR incl. 7 % UST exkl. Versandkosten Lieferzeit: 3-7 Werktage* Diätetisches Lebensmittel für besondere medizinische Zwecke (bilanzierte Diät) Zutaten: Füllstoff Cellulose, Überzugsmittel Hydroxypropylmethylcellulose, Zinkgluconat, Trennmittel Magnesiumsalze Speisefettsäuren Füllmenge: 11,8 (40 Kapseln) entsprechen 20 Tagesdosen á 2 Kapseln 29,5 (100 Kapseln) entsprechen 50 Tagesdosen á 2 Kapseln Verzehrempfehlung: 2 mal täglich 1 Kapsel Mahlzeit verzehren Zweckbestimmung Zur diätetischen Behandlung entzündlichen allergischen Hauterkrankungen (z.B. Neurodermitis) Haarausfall (z.B. Alopecia areata) Zufuhr Zink. Hinweis Zink für normale Entwicklung Funktion Haut Hautanhangsgebilde zentraler Bedeutung. Das Spurenelement Zink Bestandteil zahlreicher lebensnotwendiger Enzyme für Funktion Hormone benötigt. Zink Körper hergestellt gespeichert werden. Es über gesunde ausgewogene Ernährung zugeführt werden. Ein Mangel Zink Störungen Hautstoffwechsels Bildung Haaren Nägeln führen. Im Körper wirkt Zink Antioxidans schützt freien Radikalen. In Zinkgluconat Zink organisch gebunden Körper aufgenommen werden. Zink-diet für Erwachsene bestimmt ergänzende bilanzierte Diät ärztlicher Aufsicht verwendet werden. Da Erfahrungen Schwangeren stillenden Frauen vorliegen, Personengruppe Verzehr Zink-diet abzuraten. Zink-diet schweren Schäden Nierenparenchyms akutem Nierenversagen anzuwenden. Dieses diätetische Lebensmittel Ersatz für abwechslungsreiche ausgewogene Ernährung gesunde Lebensweise. Die angegebene Tagesdosis überschreiten. Für Kinder unzugänglich aufbewahren. Nährstofftabelle: Nährstoff pro (100 g) pro Portion (1 Kapseln) pro Tag (2 Kapseln) Zink 2,5 7,5 mg 15,0 mg Nährwerttabelle Brennwert 24,8 kJ/ 6,0 kcal 0,1 kJ/ Fett 0,7 * gesättigte Fettsäuren 0,7 Kohlenhydrate 0 0 0 * Zucker 0 0 0 Eiweiß 0 0 0 Salz 0 0 0 Allergene enthalten Hersteller: Sanum-Kehlbeck GmbH &amp; Co. KG, Hasseler Steinweg 9, 27318 Hoya Kunden, Artikel kauften, folgende Artikel gekauft: Nachtkerzenöl Kapseln Ab 10,20 EUR incl. 7 % UST exkl. Versandkosten Didier® Nachtkerzen-Vitamin E-Creme Ab 7,50 EUR incl. 19 % UST exkl. Versandkosten Didier® Nachtkerzen-Vitamin E Lotion Ab 10,60 EUR incl. 19 % UST exkl. Versandkosten Didier® Hautcreme Germanium Ab 19,90 EUR incl. 19 % UST exkl. Versandkosten Palmarosaöl, kbA Ab 5,90 EUR incl. 19 % UST exkl. Versandkosten Cajeputöl, kbA Ab 6,90 EUR incl. 19 % UST exkl. Versandkosten Powered by First-Web * Gilt für Lieferungen Deutschland. Lieferzeiten für Länder Informationen Berechnung Liefertermins siehe </fragment> </item> <item> <fragment> Probikehl - Biofrid-Cosmetic GmbH &amp; Co. KG Herstellung Vertrieb diätetischen, kosmetischen pharmazeutischen Produkten » Startseite Login / Registrierung | Ihre persönliche Seite | Warenkorb | Kasse Suche Literatur Produkte Ätherische/fette Öle Kosmetik Nahrungsergänzung/erg.bil. Diät Liefer- Versandkosten Datenschutz Unsere AGB Impressum Kontakt Widerrufsrecht Widerrufsformular Newsletter Biofrid Cosmetic GmbH &amp; Co.KG Hasseler Steinweg 9 27318 Hoya Postfach 1355 27316 Hoya Telefon 04251 9352-396 Telefax 04251 9352-290 Social Bookmarks [&lt;&lt;Erstes] [&lt;zurück] [weiter&gt;] [Letztes&gt;&gt;] 54 Artikel Kategorie Probikehl Inhalt: 20 Kapseln Art.Nr.: 72811020 PZN: 11160758 Preis: 10,90 EUR PAngV: 0,55 EUR pro Stück Gewicht: 0.02 Kg 40 Kapseln Art.Nr.: 72811040 PZN: 11160764 Preis: 19,90 EUR PAngV: 0,50 EUR pro Stück Gewicht: 0.032 Kg Ab 10,90 EUR incl. 7 % UST exkl. Versandkosten Lieferzeit: 3-7 Werktage* Hersteller: SANUM-Kehlbeck GmbH &amp; Co. KG Bezeichnung: Nahrungsergänzungsmittel Probiotika-Stämmen Präbiotika Inulin Fructo-Oligosacchariden Zutaten: Maisstärke, Überzugsmittel: Hydroxypropylmethylcellulose (Kapselhülle), Maltodextrin, Inulin, Kaliumchlorid, Magnesiumsulfat, Fructo-Oligosaccharide, Amylase, Lactobacillus acidophilus W22, Lactobacillus paracasei W20, Lactococcus lactis W19, Bifidobacterium lactis W52, Bifidobacterium lactis W51, Lactobacillus salivarius W24, Lactobacillus plantarum W21, Vanillepulver, Mangansulfat Füllmenge: 5,5 (20 Kapseln) 11,0 (40 Kapseln) Verzehrempfehlung: 2 mal täglich 2 Kapseln Mahlzeit weiterer Text Faltschachtel PROBIKEHL® enthält synergetische Kombination Probiotika Präbiotika: Lactobacillus plantarum W21, Lactobacillus acidophilus W22, Lactobacillus paracasei W20, Lactobacillus salivarius W24, Lactococcus lactis W19, Bifidobacterium lactis W51, Bifidobacterium lactis W52, Inulin Fructo-Oligosaccharide. Stressfaktoren, unausgewogene Ernährung, Infektionen Medikamenteneinnahme können Darmflora Gleichgewicht bringen. Probiotische Kulturen dafür Herstellung intakten Darmflora unterstützen. Wichtiger Hinweis: Die Einnahme PROBIKEHL® Ersatz für abwechslungsreiche ausgewogene Ernährung gesunde Lebensweise. Die angegebene Tagesdosis überschreiten. Für Kinder unzugänglich aufbewahren. Nährstofftabelle: Nährstoff pro 100 Kapseln 2 Kapseln 4 Kapseln Gesamtzahl Probiotika** ≥ 7,3 10 10 KBE* ≥ 0,4 10 9 KBE* ≥ 0,8 10 9 KBE* *) Zeitpunkt Herstellung **) Referenzmengen festgelegt Nährwerttabelle Nährwert 100 Kapseln 2 Kapseln 4 Kapseln Energie 1052 kJ 5,8 kJ 11,6 kJ 251 kcal 1,4 kcal 2,8 kcal Fett 0,1 &lt; 0,01 &lt; 0,01 * gesättigte Fettsäuren &lt; 0,1 &lt; 0,01 &lt; 0,01 Kohlenhydrate 62,4 0,34 0,69 * Zucker 2,1 0,01 0,02 Eiweiß 0,3 &lt; 0,01 &lt; 0,01 Salz 0,01 &lt; 0,01 &lt; 0,01 Allergene enthalten Powered by First-Web * Gilt für Lieferungen Deutschland. Lieferzeiten für Länder Informationen Berechnung Liefertermins siehe </fragment> </item> <item> <fragment> Nachtkerzenöl Kapseln - Biofrid-Cosmetic GmbH &amp; Co. KG Herstellung Vertrieb diätetischen, kosmetischen pharmazeutischen Produkten » Startseite Login / Registrierung | Ihre persönliche Seite | Warenkorb | Kasse Suche Literatur Produkte Ätherische/fette Öle Kosmetik Nahrungsergänzung/erg.bil. Diät Liefer- Versandkosten Datenschutz Unsere AGB Impressum Kontakt Widerrufsrecht Widerrufsformular Newsletter Biofrid Cosmetic GmbH &amp; Co.KG Hasseler Steinweg 9 27318 Hoya Postfach 1355 27316 Hoya Telefon 04251 9352-396 Telefax 04251 9352-290 Social Bookmarks [&lt;&lt;Erstes] [&lt;zurück] [weiter&gt;] [Letztes&gt;&gt;] 54 Artikel Kategorie Nachtkerzenöl Kapseln Inhalt: 40 Kapseln Art.Nr.: 22511040 PZN: 10132487 Preis: 10,20 EUR PAngV: 37,78 EUR pro 100 Gramm Gewicht: 0.05 Kg Ab 10,20 EUR incl. 7 % UST exkl. Versandkosten Lieferzeit: 3-7 Werktage* Der Produktname " Biofrid® Plus Kapseln " " Nachtkerzenöl Kapseln " geändert. Nahrungsergänzungsmittel Omega-6-Fettsäuren Zutaten: Nachtkerzenöl (73,7%), Gelatine, Feuchthaltemittel: Glycerin, Wasser, D-alpha-Tocopherol Füllmenge: 27 (40 Kapseln) Verzehrempfehlung: 3 mal täglich 2 Kapseln Mahlzeiten verzehren Health Claim(s) Linolsäure trägt Aufrechterhaltung normalen Cholesterinspiegels Blut bei. Hinweis Die Nachtkerze enthält mehrfach ungesättigte Fettsäuren, Mensch Nahrung zuführen muss. Das Öl Samen enthält Linolsäure Gamma-Linolensäure. Diese mehrfach ungesättigten Fettsäuren benötigt Körper besonderer Belastung Bausteine Zellmembranen. Eine positive Wirkung 10 Linolsäure ein. Der hohe Gehalt Gamma-Linolensäure zeichnet Nachtkerzenöl gegenüber häufig verwendeten Speisefetten aus. Dieses Nahrungsergänzungsmittel Ersatz für abwechslungsreiche ausgewogene Ernährung gesunde Lebensweise. Die angegebene Tagesdosis überschreiten. Für Kinder unzugänglich aufbewahren. Bei schizophrenen Patienten bzw. Einnahme epileptogener Arzneimittel z.B. Phenothiazine) können epileptische Anfälle auftreten. In Fällen während Schwangerschaft fragen Sie Ihren Arzt. Nährstofftabelle: Nährwert pro Tag (6 Kapsel) % T.B. 1) Omega-6-Fettsäuren 2.499 mg 2) * Linolsäure 2.220 mg 2) * Gamma-Linolensäure 270 mg 2) 1) Referenzmenge gemäß LMIV 2) EU-Wert veröffentlicht, entspricht 50% D.A.Ch.-Empfehlung Nährwerttabelle Brennwert 124 kJ/ 30 kcal Fett 3,0 * gesättigte Fettsäuren 0,26 * einfach ungesättigte Fettsäuren 0,23 * mehrfach ungesättigte Fettsäuren 2,50 Kohlenhydrate &lt; 0,1 * Zucker &lt; 0,1 Eiweiß 0,6 Salz &lt; 0,1 Vitamin E 60 mg alpha-TE 500 Allergene enthalten Hersteller: Sanum-Kehlbeck GmbH &amp; Co. KG, Hasseler Steinweg 9, 27318 Hoya Kunden, Artikel kauften, folgende Artikel gekauft: Ringelblumen Creme Biofrid Ab 6,90 EUR incl. 19 % UST exkl. Versandkosten Didier® Nachtkerzen-Vitamin E-Creme Ab 7,50 EUR incl. 19 % UST exkl. Versandkosten Selen-Biofrid Ab 5,50 EUR incl. 7 % UST exkl. Versandkosten Zink-diet Biofrid Ab 9,00 EUR incl. 7 % UST exkl. Versandkosten RMS Biofrid Ab 18,00 EUR incl. 7 % UST exkl. Versandkosten Fischöl Kapseln Biofrid Ab 10,70 EUR incl. 7 % UST exkl. Versandkosten Powered by First-Web * Gilt für Lieferungen Deutschland. Lieferzeiten für Länder Informationen Berechnung Liefertermins siehe </fragment> </item> <item> <fragment> Fischöl Kapseln Biofrid - Biofrid-Cosmetic GmbH &amp; Co. KG Herstellung Vertrieb diätetischen, kosmetischen pharmazeutischen Produkten » Startseite Login / Registrierung | Ihre persönliche Seite | Warenkorb | Kasse Suche Literatur Produkte Ätherische/fette Öle Kosmetik Nahrungsergänzung/erg.bil. Diät Liefer- Versandkosten Datenschutz Unsere AGB Impressum Kontakt Widerrufsrecht Widerrufsformular Newsletter Biofrid Cosmetic GmbH &amp; Co.KG Hasseler Steinweg 9 27318 Hoya Postfach 1355 27316 Hoya Telefon 04251 9352-396 Telefax 04251 9352-290 Social Bookmarks [&lt;&lt;Erstes] [&lt;zurück] [weiter&gt;] [Letztes&gt;&gt;] 54 Artikel Kategorie Fischöl Kapseln Biofrid 240er 60er Inhalt: 60 Kapseln Art.Nr.: 37311060 PZN: 10132493 Preis: 10,70 EUR PAngV: 25,48 EUR pro 100 Gramm Gewicht: 0.07 Kg 240 Kapseln Art.Nr.: 37311240 PZN: 10132501 Preis: 32,90 EUR PAngV: 19,58 EUR pro 100 Gramm Gewicht: 0.24 Kg Ab 10,70 EUR incl. 7 % UST exkl. Versandkosten Lieferzeit: 3-7 Werktage* Nahrungsergänzungsmittel ungesättigten Fettsäuren Zutaten: Fischöl (71,4%), Gelatine, Feuchthaltemittel: Glycerin, DL-alpha-Tocopherylacetat, Antioxidationsmittel: stark tocopherolhaltige Extrakte Füllmenge: 42 (60 Kapseln) 168 (240 Kapseln) Verzehrempfehlung: 3 mal täglich 2 Kapseln Mahlzeiten verzehren Health Claim(s): EPA DHA tragen normalen Herzfunktion bei. DHA trägt normalen Gehirnfunktion Sehkraft bei. Hinweis: Das Öl Fischöl Kapseln Biofrid Hochseefischen gewonnen enthält ungesättigte Fettsäuren (die sogenannten Omega-3-Fettsäuren EPA DHA). Der Ersatz gesättigter Fettsäuren einfach und/oder mehrfach ungesättigte Fettsäuren Ernährung trägt Aufrechterhaltung normalen Cholesterinspiegels Blut bei. Der menschliche Organismus ausreichend produzieren, sodass Nahrung aufgenommen müssen. Die positive Wirkung Erhaltung normalen Gehirnfunktion Sehkraft stellt täglichen Aufnahme 250 mg DHA ein. Die positive Wirkung Erhaltung normalen Herzfunktion stellt täglichen Aufnahme 250 mg EPA DHA ein. Dieses Nahrungsergänzungsmittel Ersatz für abwechslungsreiche ausgewogene Ernährung gesunde Lebensweise. Die angegebene Tagesdosis überschreiten. Für Kinder unzugänglich aufbewahren. Nährstofftabelle: Nährstoff pro Tag (6 Kapseln) % T.B. 1) Fischöl 3.000 mg 2) * Eicosapentaensäure (EPA) 480 mg 2) * Docosahexaensäure (DHA) 300 mg 2) * Omega-3-Fettsäuren 900 mg 1) Referenzmenge gemäß LMIV 2) RDA-Wert festgelegt Nährwerttabelle: Brennwert 126 kJ/ 30 kcal Fett 3,0 * gesättigte Fettsäuren 0,6 * einfach ungesättigte Fettsäuren 0,6 * mehrfach ungesättigte Fettsäuren 1,2 Kohlenhydrate 0,3 * Zucker 0 Eiweiß 0,6 Salz &lt; 0,1 Vitamin E 1,8 mg alpha-TE 15 Allergene: Fisch Hersteller: Sanum-Kehlbeck GmbH &amp; Co. KG, Hasseler Steinweg 9, 27318 Hoya Kunden, Artikel kauften, folgende Artikel gekauft: Nachtkerzenöl Kapseln Ab 10,20 EUR incl. 7 % UST exkl. Versandkosten Didier® Nachtkerzen-Vitamin E-Creme Ab 7,50 EUR incl. 19 % UST exkl. Versandkosten Didier® Hautcreme Germanium Ab 19,90 EUR incl. 19 % UST exkl. Versandkosten Arnica Creme Biofrid Ab 6,90 EUR incl. 19 % UST exkl. Versandkosten Ringelblumen Creme Biofrid Ab 6,90 EUR incl. 19 % UST exkl. Versandkosten Propolis Creme Biofrid Ab 6,90 EUR incl. 19 % UST exkl. Versandkosten Powered by First-Web * Gilt für Lieferungen Deutschland. Lieferzeiten für Länder Informationen Berechnung Liefertermins siehe </fragment> </item> <item> <fragment> Sojalecithin EPALIPID® - Biofrid-Cosmetic GmbH &amp; Co. KG Herstellung Vertrieb diätetischen, kosmetischen pharmazeutischen Produkten » Startseite Login / Registrierung | Ihre persönliche Seite | Warenkorb | Kasse Suche Literatur Produkte Ätherische/fette Öle Kosmetik Nahrungsergänzung/erg.bil. Diät Liefer- Versandkosten Datenschutz Unsere AGB Impressum Kontakt Widerrufsrecht Widerrufsformular Newsletter Biofrid Cosmetic GmbH &amp; Co.KG Hasseler Steinweg 9 27318 Hoya Postfach 1355 27316 Hoya Telefon 04251 9352-396 Telefax 04251 9352-290 Social Bookmarks [&lt;&lt;Erstes] [&lt;zurück] [weiter&gt;] [Letztes&gt;&gt;] 54 Artikel Kategorie EPALIPID® bisheriges Design Inhalt: 300 Art.Nr.: 35030 PZN: 148671 Preis: 17,50 EUR PAngV: 5,83 EUR pro 100 Gramm Gewicht: 0.4 Kg Ab 17,50 EUR incl. 7 % UST exkl. Versandkosten Lieferzeit: 3-7 Werktage* Nahrungsergänzungsmittel Zutaten: Soja lecithin (ohne Gentechnik) Füllmenge: 300 (entsprechen 20 Tagesdosen á 15 g) Verzehrempfehlung: Verzehrempfehlung: 3 Teelöffel täglich. Die Tagesdosis Belieben Flüssigkeiten einrühren über Speisen streuen. Hinweis: Sojalecithin Phospholipidgemisch typischen Inhaltsstoffen Phosphatidylcholin, Phosphatidylethanolamin Phosphatidylinositol. Diese wiederum enthalten großen Prozentsatz Fettsäuren, mehrfach ungesättigten, z. B. Linol- Linolensäure, überwiegen. Die angegebene empfohlene tägliche Verzehrmenge überschritten werden. Nahrungsergänzungsmittel Ersatz für ausgewogene abwechslungsreiche Ernährung gesunde Lebensweise verwendet werden. Bitte außerhalb Reichweite Kindern lagern. Nährstofftabelle: pro 100 pro Tag (3 Teelöffel, ca. 15 g) Lecithin 100 15 *) * Linolsäure 29,0 4,4 * Linolensäure 3,5 0,53 *) Referenzmenge gemäß Lebensmittelinformationsverordnung Nährwerttabelle Brennwert 3.700 kJ/ 900 kcal 555 kJ/ 135 kcal Fett 91 13,7 * gesättigte Fettsäuren 12 1,8 Kohlenhydrate 8 1,2 * Zucker 4 0,6 Eiweiß 0 0 Salz 0,1 &lt; 0,1 Allergene Soja Hersteller: Sanum-Kehlbeck GmbH &amp; Co. KG, Hasseler Steinweg 9, 27318 Hoya Kunden, Artikel kauften, folgende Artikel gekauft: Arginin-diet Biofrid Ab 11,90 EUR incl. 7 % UST exkl. Versandkosten Nachtkerzenöl Kapseln Ab 10,20 EUR incl. 7 % UST exkl. Versandkosten Didier® Nachtkerzen-Vitamin E Lotion Ab 10,60 EUR incl. 19 % UST exkl. Versandkosten Arnica Creme Biofrid Ab 6,90 EUR incl. 19 % UST exkl. Versandkosten Selen-Biofrid Ab 5,50 EUR incl. 7 % UST exkl. Versandkosten Zimtblätteröl, kbA Ab 4,00 EUR incl. 19 % UST exkl. Versandkosten Powered by First-Web * Gilt für Lieferungen Deutschland. Lieferzeiten für Länder Informationen Berechnung Liefertermins siehe </fragment> </item> <item> <fragment> Arginin-diet Biofrid - Biofrid-Cosmetic GmbH &amp; Co. KG Herstellung Vertrieb diätetischen, kosmetischen pharmazeutischen Produkten » Startseite Login / Registrierung | Ihre persönliche Seite | Warenkorb | Kasse Suche Literatur Produkte Ätherische/fette Öle Kosmetik Nahrungsergänzung/erg.bil. Diät Liefer- Versandkosten Datenschutz Unsere AGB Impressum Kontakt Widerrufsrecht Widerrufsformular Newsletter Biofrid Cosmetic GmbH &amp; Co.KG Hasseler Steinweg 9 27318 Hoya Postfach 1355 27316 Hoya Telefon 04251 9352-396 Telefax 04251 9352-290 Social Bookmarks [&lt;&lt;Erstes] [&lt;zurück] [weiter&gt;] [Letztes&gt;&gt;] 54 Artikel Kategorie Arginin-diet Biofrid Inhalt: 40 Tabletten Art.Nr.: 94102 PZN: 0877602 Preis: 11,90 EUR PAngV: 41,32 EUR pro 100 Gramm Gewicht: 0.12 Kg 100 Tabletten Art.Nr.: 94107 PZN: 0877884 Preis: 26,90 EUR PAngV: 37,36 EUR pro 100 Gramm Gewicht: 0.06 Kg Ab 11,90 EUR incl. 7 % UST exkl. Versandkosten Lieferzeit: 3-7 Werktage* Diätetisches Lebensmittel Zutaten: (in 100 g): 69,4 L-Arginin, Stabilisator Sorbit, Trennmittel Magnesiumsalze Speisefettsäuren, 138 mg Pyridoxinhydrochlorid, 18,5 mg Folsäure, 0,2 mg Cyanocobalamin. Füllmenge: 28,8 (40 Tabletten) 72,0 (100 Tabletten) Verzehrempfehlung: 3 mal täglich 2 Tabletten Mahlzeiten verzehren Zweckbestimmung Zur diätetischen Behandlung Arteriosklerose erhöhten Homocysteinspiegel Zufuhr L-Arginin, Folsäure, Vitamin B6 Vitamin B12 Hinweis Mit Arginin-diet Biofrid stellt Firma Biofrid-Cosmetic GmbH &amp; Co. KG Produkt Verfügung, Aminosäure L-Arginin, Folsäure, Vitamin B6 Vitamin B12 enthält. Arginin-diet Biofrid diätetisches Lebensmittel für besondere medizinische Zwecke (bilanzierte Diät) diätetischen Behandlung Arteriosklerose erhöhtem Homocysteinspiegel. Folsäure, Vitamin B12 Vitamin B6 tragen normalen Homocystein-Stoffwechsel bei. Mit Hilfe Folsäure Vitamin B12 Homocystein Methionin Beteiligung Vitamin B6 Aminosäure Cystein abgebaut. Arginin-diet Biofrid für Erwachsene bestimmt ergänzende bilanzierte Diät ärztlicher Aufsicht angewendet werden. Arginin-diet Biofrid einzunehmen schweren Herz-Kreislauf-Erkrankungen. Da Erfahrungen Schwangeren bzw. stillenden Frauen Kindern vorliegen, Personengruppe Verzehr abzuraten. Da Überzug/Coating Tabletten verzichtet wurde, Tabletten lichtgeschützt Blister aufzubewahren unmittelbar Verzehr entnehmen. Dieses diätetische Lebensmittel Ersatz für abwechslungsreiche ausgewogene Ernährung gesunde Lebensweise. Die angegebene Tagesdosis überschreiten. Für Kinder unzugänglich aufbewahren. Nährstofftabelle: Nährstoff pro 100 pro Portion (2 Tabletten) pro Tag (6 Tabletten) L-Arginin 69,4 1.000 mg 3.000 mg Vitamin B6 138 mg 2 mg 6 mg Folsäure 18,5 mg 266 µg 798 µg Vitamin B12 200 µg 3 µg 9 µg Nährwerttabelle Brennwert 1.511 kJ / 357 kcal 21,8 kJ / 5,1 kcal 65,3 kJ / 15,4 kcal Fett 1,0 0,01 0,04 * gesättigte Fettsäuren 1,0 0,01 0,04 Kohlenhydrate 29,4 0,42 1,3 * Zucker 0,0 0,0 0,0 Eiweiß 69,4 1,0 3,0 Salz 0 0 0 Allergene enthalten Hersteller: Sanum-Kehlbeck GmbH &amp; Co. KG, Hasseler Steinweg 9, 27318 Hoya Kunden, Artikel kauften, folgende Artikel gekauft: Rosengeranienöl, kbA Ab 7,70 EUR incl. 19 % UST exkl. Versandkosten Cajeputöl, kbA Ab 6,90 EUR incl. 19 % UST exkl. Versandkosten Ringelblumen Creme Biofrid Ab 6,90 EUR incl. 19 % UST exkl. Versandkosten Propolis Creme Biofrid Ab 6,90 EUR incl. 19 % UST exkl. Versandkosten Nachtkerzenöl Kapseln Ab 10,20 EUR incl. 7 % UST exkl. Versandkosten EPALIPID® Ab 17,50 EUR incl. 7 % UST exkl. Versandkosten Powered by First-Web * Gilt für Lieferungen Deutschland. Lieferzeiten für Länder Informationen Berechnung Liefertermins siehe </fragment> </item> <item> <fragment> Alkala® S Pulver - Biofrid-Cosmetic GmbH &amp; Co. KG Herstellung Vertrieb diätetischen, kosmetischen pharmazeutischen Produkten » Startseite Login / Registrierung | Ihre persönliche Seite | Warenkorb | Kasse Suche Literatur Produkte Ätherische/fette Öle Kosmetik Nahrungsergänzung/erg.bil. Diät Liefer- Versandkosten Datenschutz Unsere AGB Impressum Kontakt Widerrufsrecht Widerrufsformular Newsletter Biofrid Cosmetic GmbH &amp; Co.KG Hasseler Steinweg 9 27318 Hoya Postfach 1355 27316 Hoya Telefon 04251 9352-396 Telefax 04251 9352-290 Social Bookmarks [&lt;&lt;Erstes] [&lt;zurück] 54 Artikel Kategorie Alkala® S Pulver Inhalt: 250 Art.Nr.: 11529250 EAN: 4045715115256 PZN: 11077891 Preis: 16,50 EUR pro Stück PAngV: 6,60 EUR pro 100 Gramm Gewicht: 0.33 Kg Ab 16,50 EUR incl. 7 % UST exkl. Versandkosten Lieferzeit: 3-7 Werktage* Bezeichnung: Nahrungsergänzungsmittel Kategorie: Kalium, Calcium Magnesium Hersteller: SANUM-Kehlbeck GmbH &amp; Co. KG Hasseler Steinweg 9-12 27318 Hoya Zutaten: Trikaliumcitrat, Trimagnesiumcitrat, Tricalciumcitrat, Trennmittel Siliciumdioxid. Füllmenge: 250 Gramm Pulver/Dose Verzehrempfehlung: 1-2 mal täglich 1 gehäuften Teelöffel à 4,5 Pulver Glas Wasser Saft einrühren möglich Mahlzeit trinken. Health Claim(s) Magnesium trägt Erhaltung normaler Knochen Zähne Verringerung Müdigkeit Ermüdung bei. weiterer Text Faltschachtel Magnesium, Kalium Calcium gehören wichtigsten Mineralstoffen Körpers. Kalium trägt normalen Funktion Nervensystems normalen Muskelfunktion bei. Calcium trägt normalen Energiestoffwechsel Funktion Zellteilung -spezialisierung. Wichtiger Hinweis: Alkala® S Nierenversagen, Hyperkaliämie, Alkalose gleichzeitigen Einnahme kaliumsparenden Diuretika eingenommen werden. Dieses Nahrungsergänzungsmittel Ersatz für abwechslungsreiche ausgewogene Ernährung gesunde Lebensweise. Die angegebene Tagesdosis überschreiten. Für Kinder unzugänglich aufbewahren. Vor Öffnen bitte schütteln! Dose trocken lagern Deckel geschlossen halten! Alkala® S lactose- glutenfrei. Nährstofftabelle: Nährstoff pro 1 Teelöffel % NRV *) pro 2 Teelöffel % NRV *) Kalium 750 mg 38% 1500 mg 75% Calcium 250 mg 31% 500 mg 63% Magnesium 150 mg 40% 300 mg 80% *) Referenzmenge gemäß Lebensmittelinformationsverordnung Nährwerttabelle Nährwert pro 1 Teelöffel pro 2 Teelöffel Brennwert 35,9 kJ/ 8,3 kcal 71,8 kJ/ 16,6 kcal Fett * gesättigte Fettsäuren Kohlenhydrate * Zucker Eiweiß Salz Allergene enthalten Powered by First-Web * Gilt für Lieferungen Deutschland. Lieferzeiten für Länder Informationen Berechnung Liefertermins siehe </fragment> </item> <item> <fragment> Alkala® S Powder - Biofrid-Cosmetic GmbH &amp; Co. KG Herstellung Vertrieb diätetischen, kosmetischen pharmazeutischen Produkten » Home Login / Register | Your account | Shopping Cart | Cash box Search Literature Products Cosmetics Dietary Supplement Essential/fatty oils Shipping &amp; Returns Privacy Notice General terms and conditions Imprint Contact Right of revocation Standard withdrawal form Newsletter Biofrid Cosmetic GmbH &amp; Co.KG Hasseler Steinweg 9 27318 Hoya Postfach 1355 27316 Hoya Telefon 04251 9352-396 Telefax 04251 9352-290 Social Bookmarks [&lt;&lt;First] [&lt;Back] 54 Articles this categorie Alkala® S Powder Volume: 250 Product No.: 11529250 EAN: 4045715115256 PZN: 11077891 Price: 16,50 EUR per piece Price reg.: 6,60 EUR per 100 Gramme Weight: 0.33 Kg from 16,50 EUR incl. 7 % Tax excl. Shipping costs Shipping time: 3-7 working days* Discription: food supplement Category: with potassium, calcium and magnesium Manufacturer: SANUM-Kehlbeck GmbH &amp; Co. KG Hasseler Steinweg 9-12 27318 Hoya Ingredients: Tripotassium citrate, trimagnesium citrate, tricalcium citrate, anti-caking agent: silicon dioxide. Content: 250 grams of powder/container Recommended intake: Take 1 slightly heaped teaspoon full (4.5 powder) dissolved glass of water or juice 1-2x per day, if possible with meal. Health Claim(s) Magnesium contributes to the maintenance of normal bones and teeth as well as to the reduction of tiredness and fatigue. Additional information on packaging Magnesium, potassium and calcium are some of the most important mineral nutrients of the body. Potassium contributes to the normal function of the nervous system as well as normal muscle function. Calcium contributes to normal energy metabolism and plays role cell division and specialization. Important notice: Do not take Alkala® S case of kidney failure, hyperkalemia, alkalosis or simultaneously with potassium saving diuretics. This food supplement is not substitute for diversified, balanced diet and healthy lifestyle. Do not exceed the recommended daily dose. Keep away from small children. Please shake before opening! Store container closed and dry place! Alkala ® S is lactose and gluten free. Table of nutrients: nutrient per 1 teaspoon % NRV *) per 2 teaspoons % NRV *) potassium 750 mg 38% 1500 mg 75% calcium 250 mg 31% 500 mg 63% magnesium 150 mg 40% 300 mg 80% *) Reference quantity according to Food Information Regulation. Table of nutritive value: Nutritive value per 1 teaspoon per 2 teaspoons calorific value 35,9 kJ/ 8,3 kcal 71,8 kJ/ 16,6 kcal fat * thereof saturated fatty acids carbohydrates * thereof sugar protein salt Allergens: not contained Powered by First-Web * Gilt für Lieferungen Deutschland. Lieferzeiten für Länder Informationen Berechnung Liefertermins siehe </fragment> </item> <item> <fragment> Alkala® S Pulver - Biofrid-Cosmetic GmbH &amp; Co. KG Herstellung Vertrieb diätetischen, kosmetischen pharmazeutischen Produkten » Startseite Login / Registrierung | Ihre persönliche Seite | Warenkorb | Kasse Suche Literatur Produkte Ätherische/fette Öle Kosmetik Nahrungsergänzung/erg.bil. Diät Liefer- Versandkosten Datenschutz Unsere AGB Impressum Kontakt Widerrufsrecht Widerrufsformular Newsletter Biofrid Cosmetic GmbH &amp; Co.KG Hasseler Steinweg 9 27318 Hoya Postfach 1355 27316 Hoya Telefon 04251 9352-396 Telefax 04251 9352-290 Social Bookmarks [&lt;&lt;Erstes] [&lt;zurück] 54 Artikel Kategorie Alkala® S Pulver Inhalt: 250 Art.Nr.: 11529250 EAN: 4045715115256 PZN: 11077891 Preis: 16,50 EUR pro Stück PAngV: 6,60 EUR pro 100 Gramm Gewicht: 0.33 Kg Ab 16,50 EUR incl. 7 % UST exkl. Versandkosten Lieferzeit: 3-7 Werktage* Bezeichnung: Nahrungsergänzungsmittel Kategorie: Kalium, Calcium Magnesium Hersteller: SANUM-Kehlbeck GmbH &amp; Co. KG Hasseler Steinweg 9-12 27318 Hoya Zutaten: Trikaliumcitrat, Trimagnesiumcitrat, Tricalciumcitrat, Trennmittel Siliciumdioxid. Füllmenge: 250 Gramm Pulver/Dose Verzehrempfehlung: 1-2 mal täglich 1 gehäuften Teelöffel à 4,5 Pulver Glas Wasser Saft einrühren möglich Mahlzeit trinken. Health Claim(s) Magnesium trägt Erhaltung normaler Knochen Zähne Verringerung Müdigkeit Ermüdung bei. weiterer Text Faltschachtel Magnesium, Kalium Calcium gehören wichtigsten Mineralstoffen Körpers. Kalium trägt normalen Funktion Nervensystems normalen Muskelfunktion bei. Calcium trägt normalen Energiestoffwechsel Funktion Zellteilung -spezialisierung. Wichtiger Hinweis: Alkala® S Nierenversagen, Hyperkaliämie, Alkalose gleichzeitigen Einnahme kaliumsparenden Diuretika eingenommen werden. Dieses Nahrungsergänzungsmittel Ersatz für abwechslungsreiche ausgewogene Ernährung gesunde Lebensweise. Die angegebene Tagesdosis überschreiten. Für Kinder unzugänglich aufbewahren. Vor Öffnen bitte schütteln! Dose trocken lagern Deckel geschlossen halten! Alkala® S lactose- glutenfrei. Nährstofftabelle: Nährstoff pro 1 Teelöffel % NRV *) pro 2 Teelöffel % NRV *) Kalium 750 mg 38% 1500 mg 75% Calcium 250 mg 31% 500 mg 63% Magnesium 150 mg 40% 300 mg 80% *) Referenzmenge gemäß Lebensmittelinformationsverordnung Nährwerttabelle Nährwert pro 1 Teelöffel pro 2 Teelöffel Brennwert 35,9 kJ/ 8,3 kcal 71,8 kJ/ 16,6 kcal Fett * gesättigte Fettsäuren Kohlenhydrate * Zucker Eiweiß Salz Allergene enthalten Powered by First-Web * Gilt für Lieferungen Deutschland. Lieferzeiten für Länder Informationen Berechnung Liefertermins siehe </fragment> </item> <item> <fragment> Arginin-diet Biofrid - Biofrid-Cosmetic GmbH &amp; Co. KG Herstellung Vertrieb diätetischen, kosmetischen pharmazeutischen Produkten » Home Login / Register | Your account | Shopping Cart | Cash box Search Literature Products Cosmetics Dietary Supplement Essential/fatty oils Shipping &amp; Returns Privacy Notice General terms and conditions Imprint Contact Right of revocation Standard withdrawal form Newsletter Biofrid Cosmetic GmbH &amp; Co.KG Hasseler Steinweg 9 27318 Hoya Postfach 1355 27316 Hoya Telefon 04251 9352-396 Telefax 04251 9352-290 Social Bookmarks [&lt;&lt;First] [&lt;Back] [Next&gt;] [last&gt;&gt;] 54 Articles this categorie Arginin-diet Biofrid Volume: 40 Tablets Product No.: 94102 PZN: 0877602 Price: 11,90 EUR Price reg.: 41,32 EUR per 100 Gramme Weight: 0.12 Kg 100 Tablets Product No.: 94107 PZN: 0877884 Price: 26,90 EUR Price reg.: 37,36 EUR per 100 Gramme Weight: 0.06 Kg from 11,90 EUR incl. 7 % Tax excl. Shipping costs Shipping time: 3-7 working days* Dietary Supplement Ingredients (of 100g): 69.4 of L-arginine, stabilizer sorbitol, separating agent magnesium-salts of fatty acids, 138 mg of pyridoxine hydrochloride, 18.5 mg of folic acid, 0.2 mg of cyanocobalamin Contents: 28,8 (40 Tablets) 72,0 (100 Tablets) Recommended intake: 3 times day 2 tablets to be taken with meal. Purpose For dietary treatment of arteriosclerosis and increased homocysteine levels by supply of L-arginine, folic acid, vitamin B6, and vitamin B12 Notice With Arginin-diet Biofrid, Biofrid-Cosmetic GmbH &amp; Co. KG provides product containing the amino acid L-arginine, folic acid, vitamin B6, and vitamin B12. Arginin-diet Biofrid is dietary food for special medical purposes (balanced diet) for dietary treatment of arteriosclerosis and increased homocysteine levels. Folic acid, vitamin B12, and vitamin B6 contribute to normal homocysteine metabolism. With the help of folic acid and vitamin B12, homocysteine is either broken down to methionine, or interaction with vitamin B6, to the amino acid cysteine. Important note: Arginin-diet Biofrid is intended for adults and, being supplemental balanced diet, has to be used under medical supervision. Arginin-diet Biofrid must not be used cases of severe cardiovascular diseases. Since there is no experience available with pregnant or lactating women and children, use by this group of persons is not advisable. Since coating of the tablets dispensed with, the tablets have to be kept protected from light within their blister, and to be taken out immediately before consumption. This dietary food is not substitute for varied and balanced diet and healthy way of living. Do not exceed the recommended daily dose. Keep away from small children. Table of nutrients: Nutrient per 100 per Portion (2 Tablets) per Day (6 Tablets) L-Arginin 69,4 1.000 mg 3.000 mg Vitamin B6 138 mg 2 mg 6 mg Folic acid 18,5 mg 266 µg 798 µg Vitamin B12 200 µg 3 µg 9 µg Table of nutritive value Calorific value 1.511 kJ / 357 kcal 21,8 kJ / 5,1 kcal 65,3 kJ / 15,4 kcal Fat 1,0 0,01 0,04 * thereof saturated fat 1,0 0,01 0,04 Carbohydrate 29,4 0,42 1,3 * thereof sugar 0,0 0,0 0,0 Protein 69,4 1,0 3,0 Salt 0 0 0 Allergens not contained Producer: Sanum-Kehlbeck GmbH &amp; Co. KG, Hasseler Steinweg 9, 27318 Hoya Customers who bought this product bought the following products: Rose geranium, organic from 7,70 EUR incl. 19 % Tax excl. Shipping costs Cajeput, organic from 6,90 EUR incl. 19 % Tax excl. Shipping costs Calendula Cream Biofrid from 6,90 EUR incl. 19 % Tax excl. Shipping costs Propolis Cream Biofrid from 6,90 EUR incl. 19 % Tax excl. Shipping costs Nachtkerzenöl Kapseln from 10,20 EUR incl. 7 % Tax excl. Shipping costs EPALIPID® from 17,50 EUR incl. 7 % Tax excl. Shipping costs Powered by First-Web * Gilt für Lieferungen Deutschland. Lieferzeiten für Länder Informationen Berechnung Liefertermins siehe </fragment> </item> <item> <fragment> Arginin-diet Biofrid - Biofrid-Cosmetic GmbH &amp; Co. KG Herstellung Vertrieb diätetischen, kosmetischen pharmazeutischen Produkten » Startseite Login / Registrierung | Ihre persönliche Seite | Warenkorb | Kasse Suche Literatur Produkte Ätherische/fette Öle Kosmetik Nahrungsergänzung/erg.bil. Diät Liefer- Versandkosten Datenschutz Unsere AGB Impressum Kontakt Widerrufsrecht Widerrufsformular Newsletter Biofrid Cosmetic GmbH &amp; Co.KG Hasseler Steinweg 9 27318 Hoya Postfach 1355 27316 Hoya Telefon 04251 9352-396 Telefax 04251 9352-290 Social Bookmarks [&lt;&lt;Erstes] [&lt;zurück] [weiter&gt;] [Letztes&gt;&gt;] 54 Artikel Kategorie Arginin-diet Biofrid Inhalt: 40 Tabletten Art.Nr.: 94102 PZN: 0877602 Preis: 11,90 EUR PAngV: 41,32 EUR pro 100 Gramm Gewicht: 0.12 Kg 100 Tabletten Art.Nr.: 94107 PZN: 0877884 Preis: 26,90 EUR PAngV: 37,36 EUR pro 100 Gramm Gewicht: 0.06 Kg Ab 11,90 EUR incl. 7 % UST exkl. Versandkosten Lieferzeit: 3-7 Werktage* Diätetisches Lebensmittel Zutaten: (in 100 g): 69,4 L-Arginin, Stabilisator Sorbit, Trennmittel Magnesiumsalze Speisefettsäuren, 138 mg Pyridoxinhydrochlorid, 18,5 mg Folsäure, 0,2 mg Cyanocobalamin. Füllmenge: 28,8 (40 Tabletten) 72,0 (100 Tabletten) Verzehrempfehlung: 3 mal täglich 2 Tabletten Mahlzeiten verzehren Zweckbestimmung Zur diätetischen Behandlung Arteriosklerose erhöhten Homocysteinspiegel Zufuhr L-Arginin, Folsäure, Vitamin B6 Vitamin B12 Hinweis Mit Arginin-diet Biofrid stellt Firma Biofrid-Cosmetic GmbH &amp; Co. KG Produkt Verfügung, Aminosäure L-Arginin, Folsäure, Vitamin B6 Vitamin B12 enthält. Arginin-diet Biofrid diätetisches Lebensmittel für besondere medizinische Zwecke (bilanzierte Diät) diätetischen Behandlung Arteriosklerose erhöhtem Homocysteinspiegel. Folsäure, Vitamin B12 Vitamin B6 tragen normalen Homocystein-Stoffwechsel bei. Mit Hilfe Folsäure Vitamin B12 Homocystein Methionin Beteiligung Vitamin B6 Aminosäure Cystein abgebaut. Arginin-diet Biofrid für Erwachsene bestimmt ergänzende bilanzierte Diät ärztlicher Aufsicht angewendet werden. Arginin-diet Biofrid einzunehmen schweren Herz-Kreislauf-Erkrankungen. Da Erfahrungen Schwangeren bzw. stillenden Frauen Kindern vorliegen, Personengruppe Verzehr abzuraten. Da Überzug/Coating Tabletten verzichtet wurde, Tabletten lichtgeschützt Blister aufzubewahren unmittelbar Verzehr entnehmen. Dieses diätetische Lebensmittel Ersatz für abwechslungsreiche ausgewogene Ernährung gesunde Lebensweise. Die angegebene Tagesdosis überschreiten. Für Kinder unzugänglich aufbewahren. Nährstofftabelle: Nährstoff pro 100 pro Portion (2 Tabletten) pro Tag (6 Tabletten) L-Arginin 69,4 1.000 mg 3.000 mg Vitamin B6 138 mg 2 mg 6 mg Folsäure 18,5 mg 266 µg 798 µg Vitamin B12 200 µg 3 µg 9 µg Nährwerttabelle Brennwert 1.511 kJ / 357 kcal 21,8 kJ / 5,1 kcal 65,3 kJ / 15,4 kcal Fett 1,0 0,01 0,04 * gesättigte Fettsäuren 1,0 0,01 0,04 Kohlenhydrate 29,4 0,42 1,3 * Zucker 0,0 0,0 0,0 Eiweiß 69,4 1,0 3,0 Salz 0 0 0 Allergene enthalten Hersteller: Sanum-Kehlbeck GmbH &amp; Co. KG, Hasseler Steinweg 9, 27318 Hoya Kunden, Artikel kauften, folgende Artikel gekauft: Rosengeranienöl, kbA Ab 7,70 EUR incl. 19 % UST exkl. Versandkosten Cajeputöl, kbA Ab 6,90 EUR incl. 19 % UST exkl. Versandkosten Ringelblumen Creme Biofrid Ab 6,90 EUR incl. 19 % UST exkl. Versandkosten Propolis Creme Biofrid Ab 6,90 EUR incl. 19 % UST exkl. Versandkosten Nachtkerzenöl Kapseln Ab 10,20 EUR incl. 7 % UST exkl. Versandkosten EPALIPID® Ab 17,50 EUR incl. 7 % UST exkl. Versandkosten Powered by First-Web * Gilt für Lieferungen Deutschland. Lieferzeiten für Länder Informationen Berechnung Liefertermins siehe </fragment> </item> <item> <fragment> Sojalecithin EPALIPID® - Biofrid-Cosmetic GmbH &amp; Co. KG Herstellung Vertrieb diätetischen, kosmetischen pharmazeutischen Produkten » Startseite Login / Registrierung | Ihre persönliche Seite | Warenkorb | Kasse Suche Literatur Produkte Ätherische/fette Öle Kosmetik Nahrungsergänzung/erg.bil. Diät Liefer- Versandkosten Datenschutz Unsere AGB Impressum Kontakt Widerrufsrecht Widerrufsformular Newsletter Biofrid Cosmetic GmbH &amp; Co.KG Hasseler Steinweg 9 27318 Hoya Postfach 1355 27316 Hoya Telefon 04251 9352-396 Telefax 04251 9352-290 Social Bookmarks [&lt;&lt;Erstes] [&lt;zurück] [weiter&gt;] [Letztes&gt;&gt;] 54 Artikel Kategorie EPALIPID® bisheriges Design Inhalt: 300 Art.Nr.: 35030 PZN: 148671 Preis: 17,50 EUR PAngV: 5,83 EUR pro 100 Gramm Gewicht: 0.4 Kg Ab 17,50 EUR incl. 7 % UST exkl. Versandkosten Lieferzeit: 3-7 Werktage* Nahrungsergänzungsmittel Zutaten: Soja lecithin (ohne Gentechnik) Füllmenge: 300 (entsprechen 20 Tagesdosen á 15 g) Verzehrempfehlung: Verzehrempfehlung: 3 Teelöffel täglich. Die Tagesdosis Belieben Flüssigkeiten einrühren über Speisen streuen. Hinweis: Sojalecithin Phospholipidgemisch typischen Inhaltsstoffen Phosphatidylcholin, Phosphatidylethanolamin Phosphatidylinositol. Diese wiederum enthalten großen Prozentsatz Fettsäuren, mehrfach ungesättigten, z. B. Linol- Linolensäure, überwiegen. Die angegebene empfohlene tägliche Verzehrmenge überschritten werden. Nahrungsergänzungsmittel Ersatz für ausgewogene abwechslungsreiche Ernährung gesunde Lebensweise verwendet werden. Bitte außerhalb Reichweite Kindern lagern. Nährstofftabelle: pro 100 pro Tag (3 Teelöffel, ca. 15 g) Lecithin 100 15 *) * Linolsäure 29,0 4,4 * Linolensäure 3,5 0,53 *) Referenzmenge gemäß Lebensmittelinformationsverordnung Nährwerttabelle Brennwert 3.700 kJ/ 900 kcal 555 kJ/ 135 kcal Fett 91 13,7 * gesättigte Fettsäuren 12 1,8 Kohlenhydrate 8 1,2 * Zucker 4 0,6 Eiweiß 0 0 Salz 0,1 &lt; 0,1 Allergene Soja Hersteller: Sanum-Kehlbeck GmbH &amp; Co. KG, Hasseler Steinweg 9, 27318 Hoya Kunden, Artikel kauften, folgende Artikel gekauft: Arginin-diet Biofrid Ab 11,90 EUR incl. 7 % UST exkl. Versandkosten Nachtkerzenöl Kapseln Ab 10,20 EUR incl. 7 % UST exkl. Versandkosten Didier® Nachtkerzen-Vitamin E Lotion Ab 10,60 EUR incl. 19 % UST exkl. Versandkosten Arnica Creme Biofrid Ab 6,90 EUR incl. 19 % UST exkl. Versandkosten Selen-Biofrid Ab 5,50 EUR incl. 7 % UST exkl. Versandkosten Zimtblätteröl, kbA Ab 4,00 EUR incl. 19 % UST exkl. Versandkosten Powered by First-Web * Gilt für Lieferungen Deutschland. Lieferzeiten für Länder Informationen Berechnung Liefertermins siehe </fragment> </item> <item> <fragment> Fischöl Kapseln Biofrid - Biofrid-Cosmetic GmbH &amp; Co. KG Herstellung Vertrieb diätetischen, kosmetischen pharmazeutischen Produkten » Startseite Login / Registrierung | Ihre persönliche Seite | Warenkorb | Kasse Suche Literatur Produkte Ätherische/fette Öle Kosmetik Nahrungsergänzung/erg.bil. Diät Liefer- Versandkosten Datenschutz Unsere AGB Impressum Kontakt Widerrufsrecht Widerrufsformular Newsletter Biofrid Cosmetic GmbH &amp; Co.KG Hasseler Steinweg 9 27318 Hoya Postfach 1355 27316 Hoya Telefon 04251 9352-396 Telefax 04251 9352-290 Social Bookmarks [&lt;&lt;Erstes] [&lt;zurück] [weiter&gt;] [Letztes&gt;&gt;] 54 Artikel Kategorie Fischöl Kapseln Biofrid 240er 60er Inhalt: 60 Kapseln Art.Nr.: 37311060 PZN: 10132493 Preis: 10,70 EUR PAngV: 25,48 EUR pro 100 Gramm Gewicht: 0.07 Kg 240 Kapseln Art.Nr.: 37311240 PZN: 10132501 Preis: 32,90 EUR PAngV: 19,58 EUR pro 100 Gramm Gewicht: 0.24 Kg Ab 10,70 EUR incl. 7 % UST exkl. Versandkosten Lieferzeit: 3-7 Werktage* Nahrungsergänzungsmittel ungesättigten Fettsäuren Zutaten: Fischöl (71,4%), Gelatine, Feuchthaltemittel: Glycerin, DL-alpha-Tocopherylacetat, Antioxidationsmittel: stark tocopherolhaltige Extrakte Füllmenge: 42 (60 Kapseln) 168 (240 Kapseln) Verzehrempfehlung: 3 mal täglich 2 Kapseln Mahlzeiten verzehren Health Claim(s): EPA DHA tragen normalen Herzfunktion bei. DHA trägt normalen Gehirnfunktion Sehkraft bei. Hinweis: Das Öl Fischöl Kapseln Biofrid Hochseefischen gewonnen enthält ungesättigte Fettsäuren (die sogenannten Omega-3-Fettsäuren EPA DHA). Der Ersatz gesättigter Fettsäuren einfach und/oder mehrfach ungesättigte Fettsäuren Ernährung trägt Aufrechterhaltung normalen Cholesterinspiegels Blut bei. Der menschliche Organismus ausreichend produzieren, sodass Nahrung aufgenommen müssen. Die positive Wirkung Erhaltung normalen Gehirnfunktion Sehkraft stellt täglichen Aufnahme 250 mg DHA ein. Die positive Wirkung Erhaltung normalen Herzfunktion stellt täglichen Aufnahme 250 mg EPA DHA ein. Dieses Nahrungsergänzungsmittel Ersatz für abwechslungsreiche ausgewogene Ernährung gesunde Lebensweise. Die angegebene Tagesdosis überschreiten. Für Kinder unzugänglich aufbewahren. Nährstofftabelle: Nährstoff pro Tag (6 Kapseln) % T.B. 1) Fischöl 3.000 mg 2) * Eicosapentaensäure (EPA) 480 mg 2) * Docosahexaensäure (DHA) 300 mg 2) * Omega-3-Fettsäuren 900 mg 1) Referenzmenge gemäß LMIV 2) RDA-Wert festgelegt Nährwerttabelle: Brennwert 126 kJ/ 30 kcal Fett 3,0 * gesättigte Fettsäuren 0,6 * einfach ungesättigte Fettsäuren 0,6 * mehrfach ungesättigte Fettsäuren 1,2 Kohlenhydrate 0,3 * Zucker 0 Eiweiß 0,6 Salz &lt; 0,1 Vitamin E 1,8 mg alpha-TE 15 Allergene: Fisch Hersteller: Sanum-Kehlbeck GmbH &amp; Co. KG, Hasseler Steinweg 9, 27318 Hoya Kunden, Artikel kauften, folgende Artikel gekauft: Nachtkerzenöl Kapseln Ab 10,20 EUR incl. 7 % UST exkl. Versandkosten Didier® Nachtkerzen-Vitamin E-Creme Ab 7,50 EUR incl. 19 % UST exkl. Versandkosten Didier® Hautcreme Germanium Ab 19,90 EUR incl. 19 % UST exkl. Versandkosten Arnica Creme Biofrid Ab 6,90 EUR incl. 19 % UST exkl. Versandkosten Ringelblumen Creme Biofrid Ab 6,90 EUR incl. 19 % UST exkl. Versandkosten Propolis Creme Biofrid Ab 6,90 EUR incl. 19 % UST exkl. Versandkosten Powered by First-Web * Gilt für Lieferungen Deutschland. Lieferzeiten für Länder Informationen Berechnung Liefertermins siehe </fragment> </item> <item> <fragment> Biofrid-Cosmetic GmbH &amp; Co. KG Herstellung Vertrieb diätetischen, kosmetischen pharmazeutischen Produkten » Home Login / Register | Your account | Shopping Cart | Cash box Search Literature Products Cosmetics Dietary Supplement Essential/fatty oils Shipping &amp; Returns Privacy Notice General terms and conditions Imprint Contact Right of revocation Standard withdrawal form Newsletter Biofrid Cosmetic GmbH &amp; Co.KG Hasseler Steinweg 9 27318 Hoya Postfach 1355 27316 Hoya Telefon 04251 9352-396 Telefax 04251 9352-290 Social Bookmarks Information on your customer account Your personal dates * necessary Information Address: Mr. Miss/Ms./Mrs. * Title: Dr.med. Dr.med.dent. Dr.med.vet. First name: * Last name: * Date of birth: * (e.g. 21.05.1970) e-mail address: * Unfortunately the use of AOL-address is not possible. Repeat e-mail address: * Company dates Company name: Vat ID: * for Germany and EU-Countries only (required for retailer conditions; if VATIN is not available, please contact us prior to placing order) Your postal address No./Street.: * Postcode: * Town: * Country: Afghanistan Albania Algeria American Samoa Andorra Angola Anguilla Antarctica Antigua and Barbuda Argentina Armenia Aruba Australia Azerbaijan Bahamas Bahrain Bangladesh Barbados Belarus Belgium Belize Benin Bermuda Bhutan Bolivia Bosnia and Herzegowina Botswana Bouvet Island Brazil British Indian Ocean Territory Brunei Darussalam Bulgaria Burkina Faso Burundi Cambodia Cameroon Canada Cape Verde Cayman Islands Central African Republic Chad Chile China Christmas Island Cocos (Keeling) Islands Colombia Comoros Congo Cook Islands Costa Rica Cote D'Ivoire Croatia Cuba Cyprus Czech Republic Denmark Deutschland Djibouti Dominica Dominican Republic East Timor Ecuador Egypt El Salvador Equatorial Guinea Eritrea Estonia Ethiopia Falkland Islands (Malvinas) Faroe Islands Fiji Finland France France, Metropolitan French Guiana French Polynesia French Southern Territories Gabon Gambia Georgia Ghana Gibraltar Greece Greenland Grenada Guadeloupe Guam Guatemala Guinea Guinea-bissau Guyana Haiti Heard and Mc Donald Islands Honduras Hong Kong Hungary Iceland India Indonesia Iran (Islamic Republic of) Iraq Ireland Israel Italy Jamaica Japan Jordan Kazakhstan Kenya Kiribati Korea, Democratic People's Republic of Korea, Republic of Kuwait Kyrgyzstan Lao People's Democratic Republic Latvia Lebanon Lesotho Liberia Libyan Arab Jamahiriya Liechtenstein Lithuania Luxembourg Macau Macedonia, The Former Yugoslav Republic of Madagascar Malawi Malaysia Maldives Mali Malta Marshall Islands Martinique Mauritania Mauritius Mayotte Mexico Micronesia, Federated States of Moldova, Republic of Monaco Mongolia Montserrat Morocco Mozambique Myanmar Namibia Nauru Nepal Netherlands Antilles New Caledonia New Zealand Nicaragua Niger Nigeria Niue Norfolk Island Northern Mariana Islands Norway Oman Pakistan Palau Panama Papua New Guinea Paraguay Peru Philippines Pitcairn Poland Portugal Puerto Rico Qatar Reunion Romania Russian Federation Rwanda Saint Kitts and Nevis Saint Lucia Saint Vincent and the Grenadines Samoa San Marino Sao Tome and Principe Saudi Arabia Senegal Seychelles Sierra Leone Singapore Slovakia (Slovak Republic) Slovenia Solomon Islands Somalia South Africa South Georgia and the South Sandwich Islands Spain Sri Lanka St. Helena St. Pierre and Miquelon Sudan Suriname Svalbard and Jan Mayen Islands Swaziland Sweden Syrian Arab Republic Taiwan Tajikistan Tanzania, United Republic of Thailand Togo Tokelau Tonga Trinidad and Tobago Tunisia Turkey Turkmenistan Turks and Caicos Islands Tuvalu Uganda Ukraine United Arab Emirates United Kingdom United States United States Minor Outlying Islands Uruguay Uzbekistan Vanuatu Vatican City State (Holy See) Venezuela Viet Nam Virgin Islands (British) Virgin Islands (U.S.) Wallis and Futuna Islands Western Sahara Yemen Yugoslavia Zaire Zambia Zimbabwe * County / state: Bitte wählen Sie Land aus... Your contact information Telephone number: * Mobilenumber: Telefax number: Secure your information with password. Enter password: * and once again ...? * further settings Newsletter: Please make sure, that your following data are correct! speciality: Altern. Pract. Asp. Altern. Practitioner Dentist Doctor Medical Student Pharmacist Vet. Altern. Pract. Veterinarian alternative practitioner directory: Written proof is required order to be admitted the therapists directory. Telephone number: Telefax number: No./Street.: Postcode: Town: Country: Afghanistan Albania Algeria American Samoa Andorra Angola Anguilla Antarctica Antigua and Barbuda Argentina Armenia Aruba Australia Azerbaijan Bahamas Bahrain Bangladesh Barbados Belarus Belgium Belize Benin Bermuda Bhutan Bolivia Bosnia and Herzegowina Botswana Bouvet Island Brazil British Indian Ocean Territory Brunei Darussalam Bulgaria Burkina Faso Burundi Cambodia Cameroon Canada Cape Verde Cayman Islands Central African Republic Chad Chile China Christmas Island Cocos (Keeling) Islands Colombia Comoros Congo Cook Islands Costa Rica Cote D'Ivoire Croatia Cuba Cyprus Czech Republic Denmark Deutschland Djibouti Dominica Dominican Republic East Timor Ecuador Egypt El Salvador Equatorial Guinea Eritrea Estonia Ethiopia Falkland Islands (Malvinas) Faroe Islands Fiji Finland France France, Metropolitan French Guiana French Polynesia French Southern Territories Gabon Gambia Georgia Ghana Gibraltar Greece Greenland Grenada Guadeloupe Guam Guatemala Guinea Guinea-bissau Guyana Haiti Heard and Mc Donald Islands Honduras Hong Kong Hungary Iceland India Indonesia Iran (Islamic Republic of) Iraq Ireland Israel Italy Jamaica Japan Jordan Kazakhstan Kenya Kiribati Korea, Democratic People's Republic of Korea, Republic of Kuwait Kyrgyzstan Lao People's Democratic Republic Latvia Lebanon Lesotho Liberia Libyan Arab Jamahiriya Liechtenstein Lithuania Luxembourg Macau Macedonia, The Former Yugoslav Republic of Madagascar Malawi Malaysia Maldives Mali Malta Marshall Islands Martinique Mauritania Mauritius Mayotte Mexico Micronesia, Federated States of Moldova, Republic of Monaco Mongolia Montserrat Morocco Mozambique Myanmar Namibia Nauru Nepal Netherlands Antilles New Caledonia New Zealand Nicaragua Niger Nigeria Niue Norfolk Island Northern Mariana Islands Norway Oman Pakistan Palau Panama Papua New Guinea Paraguay Peru Philippines Pitcairn Poland Portugal Puerto Rico Qatar Reunion Romania Russian Federation Rwanda Saint Kitts and Nevis Saint Lucia Saint Vincent and the Grenadines Samoa San Marino Sao Tome and Principe Saudi Arabia Senegal Seychelles Sierra Leone Singapore Slovakia (Slovak Republic) Slovenia Solomon Islands Somalia South Africa South Georgia and the South Sandwich Islands Spain Sri Lanka St. Helena St. Pierre and Miquelon Sudan Suriname Svalbard and Jan Mayen Islands Swaziland Sweden Syrian Arab Republic Taiwan Tajikistan Tanzania, United Republic of Thailand Togo Tokelau Tonga Trinidad and Tobago Tunisia Turkey Turkmenistan Turks and Caicos Islands Tuvalu Uganda Ukraine United Arab Emirates United Kingdom United States United States Minor Outlying Islands Uruguay Uzbekistan Vanuatu Vatican City State (Holy See) Venezuela Viet Nam Virgin Islands (British) Virgin Islands (U.S.) Wallis and Futuna Islands Western Sahara Yemen Yugoslavia Zaire Zambia Zimbabwe County / state: Bitte wählen Sie Land aus! picture Homepage Area of expertise / Department: Time to talk diagnostic- and therapy methods: Acupuncture Aroma therapy Autohaemotherapy Bach flowers Biochemistry acc. to Schüssler Cardiologist Chiropractic Colon-hydro-therapy Craniosacral therapy Darkfieldmikroskopy Dentist Dermatologist Dorn-Breuss-method Electro acupuncture acc. to Voll Endocrinologist Eyetherapy General Practitioner Gynaecologist Haematologist and Oncologist Homeopathy Internist Irisdiagnosis Kinesiology Nephrologist Neural therapy Neurologist Ophthalmologist Oral-/face surgon Orthomolecular medicine Orthopaedician Osteopathy Otolaryngologist Paediatrician Physical therapy Phytotherapy Pneumologist Psychokinesiology Psychotherapist Reflexology Rheumatologist SANUM-Therapy Spenglersan test Traditional Chinese medicine Urologist Veterinarian: Big animals Veterinarian: Birds Veterinarian: Pets Veterinarian: Small animals I accept your user agreement and privacy policy. [More] Unfortunately the use of AOL-address is not possible. Dear AOL customer, unfortunately AOL is barring the reception of e-mails from various servers. As our server falls into this category, it is technically impossible for us to send e-mails to your AOL-address. We very much regret this inconvenience and kindly ask you to use different e-mail address for registration. Thank you for your understanding. Powered by First-Web * Gilt für Lieferungen Deutschland. Lieferzeiten für Länder Informationen Berechnung Liefertermins siehe </fragment> </item> <item> <fragment> Biofrid-Cosmetic GmbH &amp; Co. KG Herstellung Vertrieb diätetischen, kosmetischen pharmazeutischen Produkten » Startseite Login / Registrierung | Ihre persönliche Seite | Warenkorb | Kasse Suche Literatur Produkte Ätherische/fette Öle Kosmetik Nahrungsergänzung/erg.bil. Diät Liefer- Versandkosten Datenschutz Unsere AGB Impressum Kontakt Widerrufsrecht Widerrufsformular Newsletter Biofrid Cosmetic GmbH &amp; Co.KG Hasseler Steinweg 9 27318 Hoya Postfach 1355 27316 Hoya Telefon 04251 9352-396 Telefax 04251 9352-290 Social Bookmarks Informationen Ihrem Kundenkonto Ihre persönlichen Daten * notwendige Informationen Anrede: Herr Frau * Titel: Dr.med. Dr.med.dent. Dr.med.vet. Vorname: * Nachname: * Geburtsdatum: * (zB. 21.05.1970) E-Mail-Adresse: * Die Nutzung AOL Adressen leider möglich. E-Mail-Adresse wiederholen: * Firmendaten Firmenname: UstID: Nur für Deutschland EU! (notwendig für Händlerkonditionen; sofern UstIdNr, Bitte Rücksprache Bestellung) Ihre Adresse Straße/Nr.: * Postleitzahl: * Ort: * Land: Afghanistan Albania Algeria American Samoa Andorra Angola Anguilla Antarctica Antigua and Barbuda Argentina Armenia Aruba Australia Azerbaijan Bahamas Bahrain Bangladesh Barbados Belarus Belgium Belize Benin Bermuda Bhutan Bolivia Bosnia and Herzegowina Botswana Bouvet Island Brazil British Indian Ocean Territory Brunei Darussalam Bulgaria Burkina Faso Burundi Cambodia Cameroon Canada Cape Verde Cayman Islands Central African Republic Chad Chile China Christmas Island Cocos (Keeling) Islands Colombia Comoros Congo Cook Islands Costa Rica Cote D'Ivoire Croatia Cuba Cyprus Czech Republic Denmark Deutschland Djibouti Dominica Dominican Republic East Timor Ecuador Egypt El Salvador Equatorial Guinea Eritrea Estonia Ethiopia Falkland Islands (Malvinas) Faroe Islands Fiji Finland France France, Metropolitan French Guiana French Polynesia French Southern Territories Gabon Gambia Georgia Ghana Gibraltar Greece Greenland Grenada Guadeloupe Guam Guatemala Guinea Guinea-bissau Guyana Haiti Heard and Mc Donald Islands Honduras Hong Kong Hungary Iceland India Indonesia Iran (Islamic Republic of) Iraq Ireland Israel Italy Jamaica Japan Jordan Kazakhstan Kenya Kiribati Korea, Democratic People's Republic of Korea, Republic of Kuwait Kyrgyzstan Lao People's Democratic Republic Latvia Lebanon Lesotho Liberia Libyan Arab Jamahiriya Liechtenstein Lithuania Luxembourg Macau Macedonia, The Former Yugoslav Republic of Madagascar Malawi Malaysia Maldives Mali Malta Marshall Islands Martinique Mauritania Mauritius Mayotte Mexico Micronesia, Federated States of Moldova, Republic of Monaco Mongolia Montserrat Morocco Mozambique Myanmar Namibia Nauru Nepal Netherlands Antilles New Caledonia New Zealand Nicaragua Niger Nigeria Niue Norfolk Island Northern Mariana Islands Norway Oman Pakistan Palau Panama Papua New Guinea Paraguay Peru Philippines Pitcairn Poland Portugal Puerto Rico Qatar Reunion Romania Russian Federation Rwanda Saint Kitts and Nevis Saint Lucia Saint Vincent and the Grenadines Samoa San Marino Sao Tome and Principe Saudi Arabia Senegal Seychelles Sierra Leone Singapore Slovakia (Slovak Republic) Slovenia Solomon Islands Somalia South Africa South Georgia and the South Sandwich Islands Spain Sri Lanka St. Helena St. Pierre and Miquelon Sudan Suriname Svalbard and Jan Mayen Islands Swaziland Sweden Syrian Arab Republic Taiwan Tajikistan Tanzania, United Republic of Thailand Togo Tokelau Tonga Trinidad and Tobago Tunisia Turkey Turkmenistan Turks and Caicos Islands Tuvalu Uganda Ukraine United Arab Emirates United Kingdom United States United States Minor Outlying Islands Uruguay Uzbekistan Vanuatu Vatican City State (Holy See) Venezuela Viet Nam Virgin Islands (British) Virgin Islands (U.S.) Wallis and Futuna Islands Western Sahara Yemen Yugoslavia Zaire Zambia Zimbabwe * Bundesland: Bitte wählen Sie Land aus... Ihre Kontaktinformationen Telefonnummer: * Handynummer: Telefaxnummer: Sichern Sie Ihre Informationen Passwort (min. 5 Zeichen) Ihr Passwort: * Passwort bestätigen: * Einstellungen Newsletter: Bitte vergewissern Sie sich, folgende Angaben Ihnen stets Wahrheit entsprechen aktuellen Stand sind! Fachgebiete: Apotheker/in Arzt/Ärztin Heilpraktiker/in Heilpraktikeranwärter/in Medizinstudent/in Tierarzt/Tierärztin Tierheilpraktiker/in Zahnarzt/Zahnärztin Therapeutenverzeichnis: Durch Ankreuzen nebenstehenden Feldes Sie Möglichkeit, Tierarzt/Tierärztin zusätzlich Therapeutenverzeichnis aufgenommen werden. Dies ermöglicht potentiellen Patienten Kollegen, Sie direkt über Internet kontaktieren. Für Aufnahme Sie über mindestens zweijährige Erfahrung SANUM-Therapie verfügen. Praxisadresse Telefonnummer: Telefaxnummer: Straße/Nr.: Postleitzahl: Ort: Land: Afghanistan Albania Algeria American Samoa Andorra Angola Anguilla Antarctica Antigua and Barbuda Argentina Armenia Aruba Australia Azerbaijan Bahamas Bahrain Bangladesh Barbados Belarus Belgium Belize Benin Bermuda Bhutan Bolivia Bosnia and Herzegowina Botswana Bouvet Island Brazil British Indian Ocean Territory Brunei Darussalam Bulgaria Burkina Faso Burundi Cambodia Cameroon Canada Cape Verde Cayman Islands Central African Republic Chad Chile China Christmas Island Cocos (Keeling) Islands Colombia Comoros Congo Cook Islands Costa Rica Cote D'Ivoire Croatia Cuba Cyprus Czech Republic Denmark Deutschland Djibouti Dominica Dominican Republic East Timor Ecuador Egypt El Salvador Equatorial Guinea Eritrea Estonia Ethiopia Falkland Islands (Malvinas) Faroe Islands Fiji Finland France France, Metropolitan French Guiana French Polynesia French Southern Territories Gabon Gambia Georgia Ghana Gibraltar Greece Greenland Grenada Guadeloupe Guam Guatemala Guinea Guinea-bissau Guyana Haiti Heard and Mc Donald Islands Honduras Hong Kong Hungary Iceland India Indonesia Iran (Islamic Republic of) Iraq Ireland Israel Italy Jamaica Japan Jordan Kazakhstan Kenya Kiribati Korea, Democratic People's Republic of Korea, Republic of Kuwait Kyrgyzstan Lao People's Democratic Republic Latvia Lebanon Lesotho Liberia Libyan Arab Jamahiriya Liechtenstein Lithuania Luxembourg Macau Macedonia, The Former Yugoslav Republic of Madagascar Malawi Malaysia Maldives Mali Malta Marshall Islands Martinique Mauritania Mauritius Mayotte Mexico Micronesia, Federated States of Moldova, Republic of Monaco Mongolia Montserrat Morocco Mozambique Myanmar Namibia Nauru Nepal Netherlands Antilles New Caledonia New Zealand Nicaragua Niger Nigeria Niue Norfolk Island Northern Mariana Islands Norway Oman Pakistan Palau Panama Papua New Guinea Paraguay Peru Philippines Pitcairn Poland Portugal Puerto Rico Qatar Reunion Romania Russian Federation Rwanda Saint Kitts and Nevis Saint Lucia Saint Vincent and the Grenadines Samoa San Marino Sao Tome and Principe Saudi Arabia Senegal Seychelles Sierra Leone Singapore Slovakia (Slovak Republic) Slovenia Solomon Islands Somalia South Africa South Georgia and the South Sandwich Islands Spain Sri Lanka St. Helena St. Pierre and Miquelon Sudan Suriname Svalbard and Jan Mayen Islands Swaziland Sweden Syrian Arab Republic Taiwan Tajikistan Tanzania, United Republic of Thailand Togo Tokelau Tonga Trinidad and Tobago Tunisia Turkey Turkmenistan Turks and Caicos Islands Tuvalu Uganda Ukraine United Arab Emirates United Kingdom United States United States Minor Outlying Islands Uruguay Uzbekistan Vanuatu Vatican City State (Holy See) Venezuela Viet Nam Virgin Islands (British) Virgin Islands (U.S.) Wallis and Futuna Islands Western Sahara Yemen Yugoslavia Zaire Zambia Zimbabwe Bundesland: Bitte wählen Sie Land aus! Bild: max. Bildergrösse 1Megabyte Homepage: Spezialgebiet / Fachbereich: Sprechzeiten: Spezielle Diagnose- Therapieverfahren: Akupunktur Allgemeinmedizin Aromatherapie Augenheilkunde Augenheilkunde Bachblüten Biochemie Schüssler Chiropraktik Colon-Hydro-Therapie Craniosacrale Therapie Dorn-Breuss-Methode Dunkelfeldmikroskopie Eigenbluttherapie Elektroakupunktur Voll Endokrinologie Frauenheilkunde Fußreflexzonentherapie Hals-Nasen-Ohrenkunde Hautkrankheiten Hämatologie u. Onkologie Homöopathie Innere Medizin Irisdiagnostik Kardiologie Kiefer-Gesichtschirurgie Kinder-und Jugendmedizin Kinesiologie Nephrologie Neuraltherapie Neurologie Orthomolekulare Medizin Orthopädie Osteopathie Physiotherapie Phytotherapie Pneumologie Psychokinesiologie Psychotherapie Rheumatologie SANUM-Therapie Spenglersan-Test Tiermedizin: Großtiere Tiermedizin: Heimtiere Tiermedizin: Kleintiere Tiermedizin: Vögel Trad. Chinesische Medizin Urologie Zahnheilkunde Ich akzeptiere Ihre Datenschutzrichtlinien. [Mehr] Die Nutzung AOL Adressen leider möglich. Sehr geehrter AOL-Kunde, leider sperrt AOL weltweit Empfang E-Mails diversen Servern. Da Server Kategorie fällt, leider technisch möglich, Ihnen E-Mails Ihre AOL-Adresse zukommen lassen. Wir bedauern Unannehmlichkeit bitten Sie, E-Mail Adresse Registrierung benutzen. Vielen Dank für Ihr Verständnis. Powered by First-Web * Gilt für Lieferungen Deutschland. Lieferzeiten für Länder Informationen Berechnung Liefertermins siehe </fragment> </item> <item> <fragment> Fischöl Kapseln Biofrid - Biofrid-Cosmetic GmbH &amp; Co. KG Herstellung Vertrieb diätetischen, kosmetischen pharmazeutischen Produkten » Startseite Login / Registrierung | Ihre persönliche Seite | Warenkorb | Kasse Suche Literatur Produkte Ätherische/fette Öle Kosmetik Nahrungsergänzung/erg.bil. Diät Liefer- Versandkosten Datenschutz Unsere AGB Impressum Kontakt Widerrufsrecht Widerrufsformular Newsletter Biofrid Cosmetic GmbH &amp; Co.KG Hasseler Steinweg 9 27318 Hoya Postfach 1355 27316 Hoya Telefon 04251 9352-396 Telefax 04251 9352-290 Social Bookmarks [&lt;&lt;Erstes] [&lt;zurück] [weiter&gt;] [Letztes&gt;&gt;] 54 Artikel Kategorie Fischöl Kapseln Biofrid 240er 60er Inhalt: 60 Kapseln Art.Nr.: 37311060 PZN: 10132493 Preis: 10,70 EUR PAngV: 25,48 EUR pro 100 Gramm Gewicht: 0.07 Kg 240 Kapseln Art.Nr.: 37311240 PZN: 10132501 Preis: 32,90 EUR PAngV: 19,58 EUR pro 100 Gramm Gewicht: 0.24 Kg Ab 10,70 EUR incl. 7 % UST exkl. Versandkosten Lieferzeit: 3-7 Werktage* Nahrungsergänzungsmittel ungesättigten Fettsäuren Zutaten: Fischöl (71,4%), Gelatine, Feuchthaltemittel: Glycerin, DL-alpha-Tocopherylacetat, Antioxidationsmittel: stark tocopherolhaltige Extrakte Füllmenge: 42 (60 Kapseln) 168 (240 Kapseln) Verzehrempfehlung: 3 mal täglich 2 Kapseln Mahlzeiten verzehren Health Claim(s): EPA DHA tragen normalen Herzfunktion bei. DHA trägt normalen Gehirnfunktion Sehkraft bei. Hinweis: Das Öl Fischöl Kapseln Biofrid Hochseefischen gewonnen enthält ungesättigte Fettsäuren (die sogenannten Omega-3-Fettsäuren EPA DHA). Der Ersatz gesättigter Fettsäuren einfach und/oder mehrfach ungesättigte Fettsäuren Ernährung trägt Aufrechterhaltung normalen Cholesterinspiegels Blut bei. Der menschliche Organismus ausreichend produzieren, sodass Nahrung aufgenommen müssen. Die positive Wirkung Erhaltung normalen Gehirnfunktion Sehkraft stellt täglichen Aufnahme 250 mg DHA ein. Die positive Wirkung Erhaltung normalen Herzfunktion stellt täglichen Aufnahme 250 mg EPA DHA ein. Dieses Nahrungsergänzungsmittel Ersatz für abwechslungsreiche ausgewogene Ernährung gesunde Lebensweise. Die angegebene Tagesdosis überschreiten. Für Kinder unzugänglich aufbewahren. Nährstofftabelle: Nährstoff pro Tag (6 Kapseln) % T.B. 1) Fischöl 3.000 mg 2) * Eicosapentaensäure (EPA) 480 mg 2) * Docosahexaensäure (DHA) 300 mg 2) * Omega-3-Fettsäuren 900 mg 1) Referenzmenge gemäß LMIV 2) RDA-Wert festgelegt Nährwerttabelle: Brennwert 126 kJ/ 30 kcal Fett 3,0 * gesättigte Fettsäuren 0,6 * einfach ungesättigte Fettsäuren 0,6 * mehrfach ungesättigte Fettsäuren 1,2 Kohlenhydrate 0,3 * Zucker 0 Eiweiß 0,6 Salz &lt; 0,1 Vitamin E 1,8 mg alpha-TE 15 Allergene: Fisch Hersteller: Sanum-Kehlbeck GmbH &amp; Co. KG, Hasseler Steinweg 9, 27318 Hoya Kunden, Artikel kauften, folgende Artikel gekauft: Nachtkerzenöl Kapseln Ab 10,20 EUR incl. 7 % UST exkl. Versandkosten Didier® Nachtkerzen-Vitamin E-Creme Ab 7,50 EUR incl. 19 % UST exkl. Versandkosten Didier® Hautcreme Germanium Ab 19,90 EUR incl. 19 % UST exkl. Versandkosten Arnica Creme Biofrid Ab 6,90 EUR incl. 19 % UST exkl. Versandkosten Ringelblumen Creme Biofrid Ab 6,90 EUR incl. 19 % UST exkl. Versandkosten Propolis Creme Biofrid Ab 6,90 EUR incl. 19 % UST exkl. Versandkosten Powered by First-Web * Gilt für Lieferungen Deutschland. Lieferzeiten für Länder Informationen Berechnung Liefertermins siehe </fragment> </item> <item> <fragment> Zedernöl, kbA - Biofrid-Cosmetic GmbH &amp; Co. KG Herstellung Vertrieb diätetischen, kosmetischen pharmazeutischen Produkten » Startseite Login / Registrierung | Ihre persönliche Seite | Warenkorb | Kasse Suche Literatur Produkte Ätherische/fette Öle Kosmetik Nahrungsergänzung/erg.bil. Diät Liefer- Versandkosten Datenschutz Unsere AGB Impressum Kontakt Widerrufsrecht Widerrufsformular Newsletter Biofrid Cosmetic GmbH &amp; Co.KG Hasseler Steinweg 9 27318 Hoya Postfach 1355 27316 Hoya Telefon 04251 9352-396 Telefax 04251 9352-290 Social Bookmarks [weiter&gt;] [Letztes&gt;&gt;] 54 Artikel Kategorie Zedernöl, kbA Inhalt: 10 ml Art.Nr.: 93802 PZN: 6872215 Preis: 8,50 EUR PAngV: 85,00 EUR pro 100 ml Gewicht: 0.05 Kg Ab 8,50 EUR incl. 19 % UST exkl. Versandkosten Lieferzeit: 3-7 Werktage* Herkunft: Marokko Art Produkts: Ätherisches Öl kontrolliert biologischem Anbau (kbA) Beschreibung: Das Holz, ätherische Öl gewonnen wird, hinterlässt starke Spuren Duft Öles. Er holzig, balsamisch warm. Bei Raumbeduftung schafft ausgleichende stabilisierende Atmosphäre, Gefühl Ruhe Geborgenheit aufkommt. Hinweis: Unsere ätherischen fetten Öle kontrolliert biologischem Anbau (kbA) höchster Qualität. Es handelt flüchtige, hochkonzentrierte, ölige Substanzen, unterschiedlichen Herstellungsverfahren - Wasserdampfdestillation kalte Pressung - verschiedenen Pflanzenteilen gewonnen werden. Sie zumeist farblos hinterlassen Regel (außer Kaltpressung) sichtbaren Spuren, verflüchtigt haben. Diese ätherischen Öle 100% naturrein. Der Einsatz ätherischer Öle sparsam bewusst geschehen. Sie dienen Raumbeduftung Luftverbesserung. Sie dürfen unverdünnt Haut Schleimhäuten Kontakt gebracht werden, Reizungen führen können. In Schwangerschaft Kindern besondere Vorsicht geboten. Die angebotenen genuinen ätherischen Öle aufgrund Vielzahl einzigen Pflanze enthaltenen Duftstoffe umfassendes Bouquet. Darauf bezüglich Wahl Herkunftslandes Wert gelegt, Sortiment bewusst knapp gehalten. Aufgrund Lieferengpässen Ernteausfällen Ausnahmefällen Land gewechselt werden. Als Trägeröl bieten Jojobaöl an. Inhalt: Cedrus atlantica Holz Kunden, Artikel kauften, folgende Artikel gekauft: RMS Biofrid Ab 18,00 EUR incl. 7 % UST exkl. Versandkosten Didier® Hautcreme Germanium Ab 19,90 EUR incl. 19 % UST exkl. Versandkosten Arginin-diet Biofrid Ab 11,90 EUR incl. 7 % UST exkl. Versandkosten Palmarosaöl, kbA Ab 5,90 EUR incl. 19 % UST exkl. Versandkosten Didier® Badeperlen Germanium (Beutel) Ab 191,60 EUR incl. 19 % UST exkl. Versandkosten Didier® Badeperlen Germanium Ab 19,90 EUR incl. 19 % UST exkl. Versandkosten Powered by First-Web * Gilt für Lieferungen Deutschland. Lieferzeiten für Länder Informationen Berechnung Liefertermins siehe </fragment> </item> <item> <fragment> Nachtkerzenöl Kapseln - Biofrid-Cosmetic GmbH &amp; Co. KG Herstellung Vertrieb diätetischen, kosmetischen pharmazeutischen Produkten » Startseite Login / Registrierung | Ihre persönliche Seite | Warenkorb | Kasse Suche Literatur Produkte Ätherische/fette Öle Kosmetik Nahrungsergänzung/erg.bil. Diät Liefer- Versandkosten Datenschutz Unsere AGB Impressum Kontakt Widerrufsrecht Widerrufsformular Newsletter Biofrid Cosmetic GmbH &amp; Co.KG Hasseler Steinweg 9 27318 Hoya Postfach 1355 27316 Hoya Telefon 04251 9352-396 Telefax 04251 9352-290 Social Bookmarks [&lt;&lt;Erstes] [&lt;zurück] [weiter&gt;] [Letztes&gt;&gt;] 54 Artikel Kategorie Nachtkerzenöl Kapseln Inhalt: 40 Kapseln Art.Nr.: 22511040 PZN: 10132487 Preis: 10,20 EUR PAngV: 37,78 EUR pro 100 Gramm Gewicht: 0.05 Kg Ab 10,20 EUR incl. 7 % UST exkl. Versandkosten Lieferzeit: 3-7 Werktage* Der Produktname " Biofrid® Plus Kapseln " " Nachtkerzenöl Kapseln " geändert. Nahrungsergänzungsmittel Omega-6-Fettsäuren Zutaten: Nachtkerzenöl (73,7%), Gelatine, Feuchthaltemittel: Glycerin, Wasser, D-alpha-Tocopherol Füllmenge: 27 (40 Kapseln) Verzehrempfehlung: 3 mal täglich 2 Kapseln Mahlzeiten verzehren Health Claim(s) Linolsäure trägt Aufrechterhaltung normalen Cholesterinspiegels Blut bei. Hinweis Die Nachtkerze enthält mehrfach ungesättigte Fettsäuren, Mensch Nahrung zuführen muss. Das Öl Samen enthält Linolsäure Gamma-Linolensäure. Diese mehrfach ungesättigten Fettsäuren benötigt Körper besonderer Belastung Bausteine Zellmembranen. Eine positive Wirkung 10 Linolsäure ein. Der hohe Gehalt Gamma-Linolensäure zeichnet Nachtkerzenöl gegenüber häufig verwendeten Speisefetten aus. Dieses Nahrungsergänzungsmittel Ersatz für abwechslungsreiche ausgewogene Ernährung gesunde Lebensweise. Die angegebene Tagesdosis überschreiten. Für Kinder unzugänglich aufbewahren. Bei schizophrenen Patienten bzw. Einnahme epileptogener Arzneimittel z.B. Phenothiazine) können epileptische Anfälle auftreten. In Fällen während Schwangerschaft fragen Sie Ihren Arzt. Nährstofftabelle: Nährwert pro Tag (6 Kapsel) % T.B. 1) Omega-6-Fettsäuren 2.499 mg 2) * Linolsäure 2.220 mg 2) * Gamma-Linolensäure 270 mg 2) 1) Referenzmenge gemäß LMIV 2) EU-Wert veröffentlicht, entspricht 50% D.A.Ch.-Empfehlung Nährwerttabelle Brennwert 124 kJ/ 30 kcal Fett 3,0 * gesättigte Fettsäuren 0,26 * einfach ungesättigte Fettsäuren 0,23 * mehrfach ungesättigte Fettsäuren 2,50 Kohlenhydrate &lt; 0,1 * Zucker &lt; 0,1 Eiweiß 0,6 Salz &lt; 0,1 Vitamin E 60 mg alpha-TE 500 Allergene enthalten Hersteller: Sanum-Kehlbeck GmbH &amp; Co. KG, Hasseler Steinweg 9, 27318 Hoya Kunden, Artikel kauften, folgende Artikel gekauft: Ringelblumen Creme Biofrid Ab 6,90 EUR incl. 19 % UST exkl. Versandkosten Didier® Nachtkerzen-Vitamin E-Creme Ab 7,50 EUR incl. 19 % UST exkl. Versandkosten Selen-Biofrid Ab 5,50 EUR incl. 7 % UST exkl. Versandkosten Zink-diet Biofrid Ab 9,00 EUR incl. 7 % UST exkl. Versandkosten RMS Biofrid Ab 18,00 EUR incl. 7 % UST exkl. Versandkosten Fischöl Kapseln Biofrid Ab 10,70 EUR incl. 7 % UST exkl. Versandkosten Powered by First-Web * Gilt für Lieferungen Deutschland. Lieferzeiten für Länder Informationen Berechnung Liefertermins siehe </fragment> </item> <item> <fragment> Didier® Nachtkerzen-Vitamin E Lotion - Biofrid-Cosmetic GmbH &amp; Co. KG Herstellung Vertrieb diätetischen, kosmetischen pharmazeutischen Produkten » Startseite Login / Registrierung | Ihre persönliche Seite | Warenkorb | Kasse Suche Literatur Produkte Ätherische/fette Öle Kosmetik Nahrungsergänzung/erg.bil. Diät Liefer- Versandkosten Datenschutz Unsere AGB Impressum Kontakt Widerrufsrecht Widerrufsformular Newsletter Biofrid Cosmetic GmbH &amp; Co.KG Hasseler Steinweg 9 27318 Hoya Postfach 1355 27316 Hoya Telefon 04251 9352-396 Telefax 04251 9352-290 Social Bookmarks [weiter&gt;] [Letztes&gt;&gt;] 54 Artikel Kategorie Didier® Nachtkerzen-Vitamin E Lotion Inhalt: 250 ml Art.Nr.: 05060250 PZN: 6983794 Preis: 10,60 EUR PAngV: 4,24 EUR pro 100 ml Gewicht: 0.3 Kg Ab 10,60 EUR incl. 19 % UST exkl. Versandkosten Lieferzeit: 3-7 Werktage* Art Produkts: Lotion Beschreibung: Milde, angenehm duftende Körperlotion für Hauttyp • schützt Feuchtigkeitsverlust Austrocknung • enthält Nachtkerzenöl, Vitamin E, Hamamelisextrakt, Glycerin Allantoin • bietet optimalen Schutz gegenüber schädlichen Umwelteinflüssen &amp; wirkt vorzeitiger Hautalterung entgegen Nachtkerzen-Vitamin E Lotion schützt Haut Feuchtigkeitsverlust wirkt Austrocknung entgegen. Wertvolle Inhaltsstoffe Nachtkerzenöl, Vitamin E, Hamamelisextrakt, Glycerin Allantoin pflegen Haut umfassend glatt geschmeidig. Regelmäßig angewandt, bietet Nachtkerzen-Vitamin E Lotion optimalen Schutz gegenüber schädlichen Umwelteinflüssen beugt vorzeitiger Hautalterung vor. Die natürliche Zartheit Elastizität Haut bleibt länger erhalten. Wenden Sie Körperlotion täglich Baden, Duschen Sonnenbaden massieren Sie sanft Haut ein. Inhalt: 250 ml Spender Inhaltsstoffe: Water (aqua), Mineral Oil (paraffinum liquidum), Isopropyl Palmitate, Trilaureth-4 Phosphate, Glycerin, Evening Primrose (oenothera biennis) Oil, Tocopheryl Acetate, Sodium Carbomer, Caprylic/Capric Triglyceride, Propylene Glycol, Witch Hazel (hamamelis virginiana), Alcohol denat., Fragrance (parfum), Decyl Oleate, Allantoin, Benzyl Alcohol, Konservierungsstoff, Methychloroisothiazolinone, Methylisothiazolinone Kunden, Artikel kauften, folgende Artikel gekauft: Didier® Badeperlen Germanium Ab 19,90 EUR incl. 19 % UST exkl. Versandkosten Zink-diet Biofrid Ab 9,00 EUR incl. 7 % UST exkl. Versandkosten Selen-Biofrid Ab 5,50 EUR incl. 7 % UST exkl. Versandkosten Rosengeranienöl, kbA Ab 7,70 EUR incl. 19 % UST exkl. Versandkosten Cajeputöl, kbA Ab 6,90 EUR incl. 19 % UST exkl. Versandkosten RMS Biofrid Ab 18,00 EUR incl. 7 % UST exkl. Versandkosten Powered by First-Web * Gilt für Lieferungen Deutschland. Lieferzeiten für Länder Informationen Berechnung Liefertermins siehe </fragment> </item> <item> <fragment> Jojobaöl, kbA - Biofrid-Cosmetic GmbH &amp; Co. KG Herstellung Vertrieb diätetischen, kosmetischen pharmazeutischen Produkten » Startseite Login / Registrierung | Ihre persönliche Seite | Warenkorb | Kasse Suche Literatur Produkte Ätherische/fette Öle Kosmetik Nahrungsergänzung/erg.bil. Diät Liefer- Versandkosten Datenschutz Unsere AGB Impressum Kontakt Widerrufsrecht Widerrufsformular Newsletter Biofrid Cosmetic GmbH &amp; Co.KG Hasseler Steinweg 9 27318 Hoya Postfach 1355 27316 Hoya Telefon 04251 9352-396 Telefax 04251 9352-290 Social Bookmarks [weiter&gt;] [Letztes&gt;&gt;] 54 Artikel Kategorie Jojobaöl, kbA Inhalt: 50 ml Art.Nr.: 93956 PZN: 6872244 Preis: 6,90 EUR PAngV: 13,80 EUR pro 100 ml Gewicht: 0.11 Kg Ab 6,90 EUR incl. 19 % UST exkl. Versandkosten Lieferzeit: 3-7 Werktage* Herkunft: Argentinien / Israel / Ägypten Art Produkts: Fettes Öl kontrolliert biologischem Anbau (kalt gepreßt) Beschreibung: Jojobaöl Nüssen holzigen Strauches gewonnen, Halbwüsten wächst. Es pflegt, erhält Hautfeuchtigkeit fast geruchsneutral. Jojobaöl enthält Vitamin A E Lichtschutzfaktor 3-4. Aufgrund wachsartigen Charakters Jojobaöl ranzig zeichnet Haltbarkeit aus. Seine positiven Eigenschaften hervorragenden (Träger-) Öl Kosmetik gemacht. Inhalt: Simmondsia chinensis Nüssen Kunden, Artikel kauften, folgende Artikel gekauft: Didier® Hautcreme Germanium Ab 19,90 EUR incl. 19 % UST exkl. Versandkosten RMS Biofrid Ab 18,00 EUR incl. 7 % UST exkl. Versandkosten Teebaumöl, kbA Ab 6,90 EUR incl. 19 % UST exkl. Versandkosten Bergamotteöl, kbA Ab 8,50 EUR incl. 19 % UST exkl. Versandkosten Thymianöl (linalol), kbA Ab 11,40 EUR incl. 19 % UST exkl. Versandkosten Rosengeranienöl, kbA Ab 7,70 EUR incl. 19 % UST exkl. Versandkosten Powered by First-Web * Gilt für Lieferungen Deutschland. Lieferzeiten für Länder Informationen Berechnung Liefertermins siehe </fragment> </item> <item> <fragment> Teebaumöl, kbA - Biofrid-Cosmetic GmbH &amp; Co. KG Herstellung Vertrieb diätetischen, kosmetischen pharmazeutischen Produkten » Startseite Login / Registrierung | Ihre persönliche Seite | Warenkorb | Kasse Suche Literatur Produkte Ätherische/fette Öle Kosmetik Nahrungsergänzung/erg.bil. Diät Liefer- Versandkosten Datenschutz Unsere AGB Impressum Kontakt Widerrufsrecht Widerrufsformular Newsletter Biofrid Cosmetic GmbH &amp; Co.KG Hasseler Steinweg 9 27318 Hoya Postfach 1355 27316 Hoya Telefon 04251 9352-396 Telefax 04251 9352-290 Social Bookmarks [weiter&gt;] [Letztes&gt;&gt;] 54 Artikel Kategorie Teebaumöl, kbA Inhalt: 10 ml Art.Nr.: 93702 PZN: 6872066 Preis: 6,90 EUR PAngV: 69,00 EUR pro 100 ml Gewicht: 0.05 Kg Ab 6,90 EUR incl. 19 % UST exkl. Versandkosten Lieferzeit: 3-7 Werktage* Herkunft: Australien Art Produkts: Ätherisches Öl kontrolliert biologischem Anbau (kbA) Beschreibung: Das Teebaumöl aufgrund typischen strengen, krautig-würzigen Duftes bekannt. Man empfindet erfrischende Klarheit, konzentriertem Denken anregt. Hinweis: Unsere ätherischen fetten Öle kontrolliert biologischem Anbau (kbA) höchster Qualität. Es handelt flüchtige, hochkonzentrierte, ölige Substanzen, unterschiedlichen Herstellungsverfahren - Wasserdampfdestillation kalte Pressung - verschiedenen Pflanzenteilen gewonnen werden. Sie zumeist farblos hinterlassen Regel (außer Kaltpressung) sichtbaren Spuren, verflüchtigt haben. Diese ätherischen Öle 100% naturrein. Der Einsatz ätherischer Öle sparsam bewusst geschehen. Sie dienen Raumbeduftung Luftverbesserung. Sie dürfen unverdünnt Haut Schleimhäuten Kontakt gebracht werden, Reizungen führen können. In Schwangerschaft Kindern besondere Vorsicht geboten. Die angebotenen genuinen ätherischen Öle aufgrund Vielzahl einzigen Pflanze enthaltenen Duftstoffe umfassendes Bouquet. Darauf bezüglich Wahl Herkunftslandes Wert gelegt, Sortiment bewusst knapp gehalten. Aufgrund Lieferengpässen Ernteausfällen Ausnahmefällen Land gewechselt werden. Als Trägeröl bieten Jojobaöl an. Inhalt: Melaleuca alternifolia Blättern Kunden, Artikel kauften, folgende Artikel gekauft: RMS Biofrid Ab 18,00 EUR incl. 7 % UST exkl. Versandkosten Jojobaöl, kbA Ab 6,90 EUR incl. 19 % UST exkl. Versandkosten Didier® Badeperlen Germanium (Beutel) Ab 191,60 EUR incl. 19 % UST exkl. Versandkosten Didier® Hautcreme Germanium Ab 19,90 EUR incl. 19 % UST exkl. Versandkosten Mandarinenöl (rot) kbA Ab 7,70 EUR incl. 19 % UST exkl. Versandkosten Pfefferminzöl, kbA Ab 9,70 EUR incl. 19 % UST exkl. Versandkosten Powered by First-Web * Gilt für Lieferungen Deutschland. Lieferzeiten für Länder Informationen Berechnung Liefertermins siehe </fragment> </item> <item> <fragment> Alkala® S Pulver - Biofrid-Cosmetic GmbH &amp; Co. KG Herstellung Vertrieb diätetischen, kosmetischen pharmazeutischen Produkten » Startseite Login / Registrierung | Ihre persönliche Seite | Warenkorb | Kasse Suche Literatur Produkte Ätherische/fette Öle Kosmetik Nahrungsergänzung/erg.bil. Diät Liefer- Versandkosten Datenschutz Unsere AGB Impressum Kontakt Widerrufsrecht Widerrufsformular Newsletter Biofrid Cosmetic GmbH &amp; Co.KG Hasseler Steinweg 9 27318 Hoya Postfach 1355 27316 Hoya Telefon 04251 9352-396 Telefax 04251 9352-290 Social Bookmarks [&lt;&lt;Erstes] [&lt;zurück] 54 Artikel Kategorie Alkala® S Pulver Inhalt: 250 Art.Nr.: 11529250 EAN: 4045715115256 PZN: 11077891 Preis: 16,50 EUR pro Stück PAngV: 6,60 EUR pro 100 Gramm Gewicht: 0.33 Kg Ab 16,50 EUR incl. 7 % UST exkl. Versandkosten Lieferzeit: 3-7 Werktage* Bezeichnung: Nahrungsergänzungsmittel Kategorie: Kalium, Calcium Magnesium Hersteller: SANUM-Kehlbeck GmbH &amp; Co. KG Hasseler Steinweg 9-12 27318 Hoya Zutaten: Trikaliumcitrat, Trimagnesiumcitrat, Tricalciumcitrat, Trennmittel Siliciumdioxid. Füllmenge: 250 Gramm Pulver/Dose Verzehrempfehlung: 1-2 mal täglich 1 gehäuften Teelöffel à 4,5 Pulver Glas Wasser Saft einrühren möglich Mahlzeit trinken. Health Claim(s) Magnesium trägt Erhaltung normaler Knochen Zähne Verringerung Müdigkeit Ermüdung bei. weiterer Text Faltschachtel Magnesium, Kalium Calcium gehören wichtigsten Mineralstoffen Körpers. Kalium trägt normalen Funktion Nervensystems normalen Muskelfunktion bei. Calcium trägt normalen Energiestoffwechsel Funktion Zellteilung -spezialisierung. Wichtiger Hinweis: Alkala® S Nierenversagen, Hyperkaliämie, Alkalose gleichzeitigen Einnahme kaliumsparenden Diuretika eingenommen werden. Dieses Nahrungsergänzungsmittel Ersatz für abwechslungsreiche ausgewogene Ernährung gesunde Lebensweise. Die angegebene Tagesdosis überschreiten. Für Kinder unzugänglich aufbewahren. Vor Öffnen bitte schütteln! Dose trocken lagern Deckel geschlossen halten! Alkala® S lactose- glutenfrei. Nährstofftabelle: Nährstoff pro 1 Teelöffel % NRV *) pro 2 Teelöffel % NRV *) Kalium 750 mg 38% 1500 mg 75% Calcium 250 mg 31% 500 mg 63% Magnesium 150 mg 40% 300 mg 80% *) Referenzmenge gemäß Lebensmittelinformationsverordnung Nährwerttabelle Nährwert pro 1 Teelöffel pro 2 Teelöffel Brennwert 35,9 kJ/ 8,3 kcal 71,8 kJ/ 16,6 kcal Fett * gesättigte Fettsäuren Kohlenhydrate * Zucker Eiweiß Salz Allergene enthalten Powered by First-Web * Gilt für Lieferungen Deutschland. Lieferzeiten für Länder Informationen Berechnung Liefertermins siehe </fragment> </item> <item> <fragment> Alkala® S Pulver - Biofrid-Cosmetic GmbH &amp; Co. KG Herstellung Vertrieb diätetischen, kosmetischen pharmazeutischen Produkten » Startseite Login / Registrierung | Ihre persönliche Seite | Warenkorb | Kasse Suche Literatur Produkte Ätherische/fette Öle Kosmetik Nahrungsergänzung/erg.bil. Diät Liefer- Versandkosten Datenschutz Unsere AGB Impressum Kontakt Widerrufsrecht Widerrufsformular Newsletter Biofrid Cosmetic GmbH &amp; Co.KG Hasseler Steinweg 9 27318 Hoya Postfach 1355 27316 Hoya Telefon 04251 9352-396 Telefax 04251 9352-290 Social Bookmarks [&lt;&lt;Erstes] [&lt;zurück] 54 Artikel Kategorie Alkala® S Pulver Inhalt: 250 Art.Nr.: 11529250 EAN: 4045715115256 PZN: 11077891 Preis: 16,50 EUR pro Stück PAngV: 6,60 EUR pro 100 Gramm Gewicht: 0.33 Kg Ab 16,50 EUR incl. 7 % UST exkl. Versandkosten Lieferzeit: 3-7 Werktage* Bezeichnung: Nahrungsergänzungsmittel Kategorie: Kalium, Calcium Magnesium Hersteller: SANUM-Kehlbeck GmbH &amp; Co. KG Hasseler Steinweg 9-12 27318 Hoya Zutaten: Trikaliumcitrat, Trimagnesiumcitrat, Tricalciumcitrat, Trennmittel Siliciumdioxid. Füllmenge: 250 Gramm Pulver/Dose Verzehrempfehlung: 1-2 mal täglich 1 gehäuften Teelöffel à 4,5 Pulver Glas Wasser Saft einrühren möglich Mahlzeit trinken. Health Claim(s) Magnesium trägt Erhaltung normaler Knochen Zähne Verringerung Müdigkeit Ermüdung bei. weiterer Text Faltschachtel Magnesium, Kalium Calcium gehören wichtigsten Mineralstoffen Körpers. Kalium trägt normalen Funktion Nervensystems normalen Muskelfunktion bei. Calcium trägt normalen Energiestoffwechsel Funktion Zellteilung -spezialisierung. Wichtiger Hinweis: Alkala® S Nierenversagen, Hyperkaliämie, Alkalose gleichzeitigen Einnahme kaliumsparenden Diuretika eingenommen werden. Dieses Nahrungsergänzungsmittel Ersatz für abwechslungsreiche ausgewogene Ernährung gesunde Lebensweise. Die angegebene Tagesdosis überschreiten. Für Kinder unzugänglich aufbewahren. Vor Öffnen bitte schütteln! Dose trocken lagern Deckel geschlossen halten! Alkala® S lactose- glutenfrei. Nährstofftabelle: Nährstoff pro 1 Teelöffel % NRV *) pro 2 Teelöffel % NRV *) Kalium 750 mg 38% 1500 mg 75% Calcium 250 mg 31% 500 mg 63% Magnesium 150 mg 40% 300 mg 80% *) Referenzmenge gemäß Lebensmittelinformationsverordnung Nährwerttabelle Nährwert pro 1 Teelöffel pro 2 Teelöffel Brennwert 35,9 kJ/ 8,3 kcal 71,8 kJ/ 16,6 kcal Fett * gesättigte Fettsäuren Kohlenhydrate * Zucker Eiweiß Salz Allergene enthalten Powered by First-Web * Gilt für Lieferungen Deutschland. Lieferzeiten für Länder Informationen Berechnung Liefertermins siehe </fragment> </item> <item> <fragment> Selen-Biofrid - Biofrid-Cosmetic GmbH &amp; Co. KG Herstellung Vertrieb diätetischen, kosmetischen pharmazeutischen Produkten » Startseite Login / Registrierung | Ihre persönliche Seite | Warenkorb | Kasse Suche Literatur Produkte Ätherische/fette Öle Kosmetik Nahrungsergänzung/erg.bil. Diät Liefer- Versandkosten Datenschutz Unsere AGB Impressum Kontakt Widerrufsrecht Widerrufsformular Newsletter Biofrid Cosmetic GmbH &amp; Co.KG Hasseler Steinweg 9 27318 Hoya Postfach 1355 27316 Hoya Telefon 04251 9352-396 Telefax 04251 9352-290 Social Bookmarks [&lt;&lt;Erstes] [&lt;zurück] [weiter&gt;] [Letztes&gt;&gt;] 54 Artikel Kategorie Selen-Biofrid 100er 20er Inhalt: 20 Kapseln Art.Nr.: 96601 PZN: 4240988 Preis: 5,50 EUR PAngV: 67,90 EUR pro 100 Gramm Gewicht: 0.03 Kg 100 Kapseln Art.Nr.: 96607 PZN: 4241522 Preis: 15,90 EUR PAngV: 39,36 EUR pro 100 Gramm Gewicht: 0.08 Kg Ab 5,50 EUR incl. 7 % UST exkl. Versandkosten Lieferzeit: 3-7 Werktage* Nahrungsergänzungsmittel L-Selenomethionin Zutaten: Füllstoff Cellulose, Überzugsmittel Hydroxypropylmethylcellulose, Füllstoff Monocalciumphosphat, Trennmittel Magnesiumsalze Speisefettsäuren, L-Selenomethionin. Füllmenge: 8,1 (20 Kapseln) 40,4 (100 Kapseln) Verzehrempfehlung: täglich 1 Kapsel Mahlzeit verzehren Health Claim(s) Unterstützung Zellschutzes funktionsfähigen Immunsystems Verwertung Jod Produktion Schilddrüsenhormonen. Hinweis Selen zählt essentiellen Spurenelementen. Das Gruppe Chalkogene (Erzbildner) zählende Element findet Pflanzen vorzugsweise Form L-Selenomethionin. Im Körper Menschen 20 Milligramm Selen vorhanden. Die Hauptmenge Muskeln lokalisiert. Die höchsten Konzentrationen treten Leber, Niere Milz auf. Selen schützt Körperzellen oxidativen Schädigungen. Selen hilft freie Radikale abzufangen unterstützt Funktion Immunsystems. Der Körper braucht Selen für Verwertung Jod Produktion Schilddrüsenhormonen. Die angegebene empfohlene tägliche Verzehrmenge überschritten werden. Nahrungsergänzungsmittel Ersatz für ausgewogene abwechslungsreiche Ernährung gesunde Lebensweise verwendet werden. Bitte außerhalb Reichweite Kindern lagern. Nährstofftabelle: Nährstoff pro 100 pro Tag (1 Kapsel) % NRV *) Selen 7 mg 30 μg 55% *) Referenzmenge gemäß Lebensmittelinformationsverordnung Nährwerttabelle Brennwert 5,8 kJ/ 1,4 kcal 0 kJ/ 0 kcal Fett 0,2 0 * gesättigte Fettsäuren 0,2 0 Kohlenhydrate 0 0 * Zucker 0 0 Eiweiß 0 0 Salz 0 0 Allergene enthalten Hersteller: Sanum-Kehlbeck GmbH &amp; Co. KG, Hasseler Steinweg 9, 27318 Hoya Kunden, Artikel kauften, folgende Artikel gekauft: Nachtkerzenöl Kapseln Ab 10,20 EUR incl. 7 % UST exkl. Versandkosten Didier® Nachtkerzen-Vitamin E Lotion Ab 10,60 EUR incl. 19 % UST exkl. Versandkosten Didier® Hautcreme Germanium Ab 19,90 EUR incl. 19 % UST exkl. Versandkosten Fischöl Kapseln Biofrid Ab 10,70 EUR incl. 7 % UST exkl. Versandkosten Lavendelöl, kbA Ab 8,50 EUR incl. 19 % UST exkl. Versandkosten EPALIPID® Ab 17,50 EUR incl. 7 % UST exkl. Versandkosten Powered by First-Web * Gilt für Lieferungen Deutschland. Lieferzeiten für Länder Informationen Berechnung Liefertermins siehe </fragment> </item> <item> <fragment> Sojalecithin EPALIPID® - Biofrid-Cosmetic GmbH &amp; Co. KG Herstellung Vertrieb diätetischen, kosmetischen pharmazeutischen Produkten » Startseite Login / Registrierung | Ihre persönliche Seite | Warenkorb | Kasse Suche Literatur Produkte Ätherische/fette Öle Kosmetik Nahrungsergänzung/erg.bil. Diät Liefer- Versandkosten Datenschutz Unsere AGB Impressum Kontakt Widerrufsrecht Widerrufsformular Newsletter Biofrid Cosmetic GmbH &amp; Co.KG Hasseler Steinweg 9 27318 Hoya Postfach 1355 27316 Hoya Telefon 04251 9352-396 Telefax 04251 9352-290 Social Bookmarks [&lt;&lt;Erstes] [&lt;zurück] [weiter&gt;] [Letztes&gt;&gt;] 54 Artikel Kategorie EPALIPID® bisheriges Design Inhalt: 300 Art.Nr.: 35030 PZN: 148671 Preis: 17,50 EUR PAngV: 5,83 EUR pro 100 Gramm Gewicht: 0.4 Kg Ab 17,50 EUR incl. 7 % UST exkl. Versandkosten Lieferzeit: 3-7 Werktage* Nahrungsergänzungsmittel Zutaten: Soja lecithin (ohne Gentechnik) Füllmenge: 300 (entsprechen 20 Tagesdosen á 15 g) Verzehrempfehlung: Verzehrempfehlung: 3 Teelöffel täglich. Die Tagesdosis Belieben Flüssigkeiten einrühren über Speisen streuen. Hinweis: Sojalecithin Phospholipidgemisch typischen Inhaltsstoffen Phosphatidylcholin, Phosphatidylethanolamin Phosphatidylinositol. Diese wiederum enthalten großen Prozentsatz Fettsäuren, mehrfach ungesättigten, z. B. Linol- Linolensäure, überwiegen. Die angegebene empfohlene tägliche Verzehrmenge überschritten werden. Nahrungsergänzungsmittel Ersatz für ausgewogene abwechslungsreiche Ernährung gesunde Lebensweise verwendet werden. Bitte außerhalb Reichweite Kindern lagern. Nährstofftabelle: pro 100 pro Tag (3 Teelöffel, ca. 15 g) Lecithin 100 15 *) * Linolsäure 29,0 4,4 * Linolensäure 3,5 0,53 *) Referenzmenge gemäß Lebensmittelinformationsverordnung Nährwerttabelle Brennwert 3.700 kJ/ 900 kcal 555 kJ/ 135 kcal Fett 91 13,7 * gesättigte Fettsäuren 12 1,8 Kohlenhydrate 8 1,2 * Zucker 4 0,6 Eiweiß 0 0 Salz 0,1 &lt; 0,1 Allergene Soja Hersteller: Sanum-Kehlbeck GmbH &amp; Co. KG, Hasseler Steinweg 9, 27318 Hoya Kunden, Artikel kauften, folgende Artikel gekauft: Arginin-diet Biofrid Ab 11,90 EUR incl. 7 % UST exkl. Versandkosten Nachtkerzenöl Kapseln Ab 10,20 EUR incl. 7 % UST exkl. Versandkosten Didier® Nachtkerzen-Vitamin E Lotion Ab 10,60 EUR incl. 19 % UST exkl. Versandkosten Arnica Creme Biofrid Ab 6,90 EUR incl. 19 % UST exkl. Versandkosten Selen-Biofrid Ab 5,50 EUR incl. 7 % UST exkl. Versandkosten Zimtblätteröl, kbA Ab 4,00 EUR incl. 19 % UST exkl. Versandkosten Powered by First-Web * Gilt für Lieferungen Deutschland. Lieferzeiten für Länder Informationen Berechnung Liefertermins siehe </fragment> </item> <item> <fragment> Biofrid-Cosmetic GmbH &amp; Co. KG Herstellung Vertrieb diätetischen, kosmetischen pharmazeutischen Produkten » Startseite Login / Registrierung | Ihre persönliche Seite | Warenkorb | Kasse Suche Literatur Produkte Ätherische/fette Öle Kosmetik Nahrungsergänzung/erg.bil. Diät Liefer- Versandkosten Datenschutz Unsere AGB Impressum Kontakt Widerrufsrecht Widerrufsformular Newsletter Biofrid Cosmetic GmbH &amp; Co.KG Hasseler Steinweg 9 27318 Hoya Postfach 1355 27316 Hoya Telefon 04251 9352-396 Telefax 04251 9352-290 Social Bookmarks Newsletter Sicherheitscode Sicherheitscode Herr Frau Ihr Vorname Ihr Nachname Ihre E-Mail-Adresse eintragen austragen Powered by First-Web * Gilt für Lieferungen Deutschland. Lieferzeiten für Länder Informationen Berechnung Liefertermins siehe </fragment> </item> <item> <fragment> - Biofrid-Cosmetic GmbH &amp; Co. KG Herstellung Vertrieb diätetischen, kosmetischen pharmazeutischen Produkten » Startseite Login / Registrierung | Ihre persönliche Seite | Warenkorb | Kasse Suche Literatur Produkte Ätherische/fette Öle Kosmetik Nahrungsergänzung/erg.bil. Diät Liefer- Versandkosten Datenschutz Unsere AGB Impressum Kontakt Widerrufsrecht Widerrufsformular Newsletter Biofrid Cosmetic GmbH &amp; Co.KG Hasseler Steinweg 9 27318 Hoya Postfach 1355 27316 Hoya Telefon 04251 9352-396 Telefax 04251 9352-290 Social Bookmarks Bestellung widerrufen Wenn Sie gesetzliche Widerrufsrecht für Ihre Bestellung unserem Shop ausüben möchten, können Sie folgende Formular Angabe Bestell-Nr. entsprechenden eMail-Adresse verwenden. Nach Absenden Formulars erhalten Sie automatische Bestätigung über Erhalt Widerrufs. Ihre Bestell-Nr.: Ihre eMail-Adresse: Powered by First-Web * Gilt für Lieferungen Deutschland. Lieferzeiten für Länder Informationen Berechnung Liefertermins siehe </fragment> </item> <item> <fragment> Widerrufsrecht - Biofrid-Cosmetic GmbH &amp; Co. KG Herstellung Vertrieb diätetischen, kosmetischen pharmazeutischen Produkten » Startseite Login / Registrierung | Ihre persönliche Seite | Warenkorb | Kasse Suche Literatur Produkte Ätherische/fette Öle Kosmetik Nahrungsergänzung/erg.bil. Diät Liefer- Versandkosten Datenschutz Unsere AGB Impressum Kontakt Widerrufsrecht Widerrufsformular Newsletter Biofrid Cosmetic GmbH &amp; Co.KG Hasseler Steinweg 9 27318 Hoya Postfach 1355 27316 Hoya Telefon 04251 9352-396 Telefax 04251 9352-290 Social Bookmarks Widerrufsrecht Widerrufsbelehrung für Verbraucher Verbrauchern steht Widerrufsrecht folgender Maßgabe zu, wobei Verbraucher natürliche Person ist, Rechtsgeschäft Zwecke abschließt, weder gewerblichen selbständigen beruflichen Tätigkeit zugerechnet können: Widerrufsbelehrung Widerrufsrecht Sie Recht, binnen vierzehn Tagen Angabe Gründen Vertrag widerrufen. Die Widerrufsfrist beträgt vierzehn Tage Tag Sie Ihnen benannter Dritter, Beförderer ist, letzte Ware Besitz genommen bzw. hat. Um Ihr Widerrufsrecht auszuüben, müssen Sie Biofrid-Cosmetic GmbH &amp; Co. KG, Hasseler Steinweg 9, 27318 Hoya; Tel.: 04251/9352-395; Fax: 04251/9352-290; info@biofrid.de mittels eindeutigen Erklärung (z. B. Post versandter Brief, Telefax E-Mail) über Ihren Entschluss, Vertrag widerrufen, informieren. Sie können dafür beigefügte Muster-Widerrufsformular verwenden, vorgeschrieben ist. Sie können Muster-Widerrufsformular eindeutige Erklärung Webseite www.biofrid.de elektronisch ausfüllen übermitteln. Machen Sie Möglichkeit Gebrauch, Ihnen unverzüglich (z. B. per E-Mail) Bestätigung über Eingang Widerrufs übermitteln.“ Zur Wahrung Widerrufsfrist reicht aus, Sie Mitteilung über Ausübung Widerrufsrechts Ablauf Widerrufsfrist absenden. Folgen Widerrufs Wenn Sie Vertrag widerrufen, Ihnen Zahlungen, Ihnen erhalten haben, einschließlich Lieferkosten (mit Ausnahme zusätzlichen Kosten, ergeben, Sie Art Lieferung angebotene, günstigste Standardlieferung gewählt haben), unverzüglich spätestens binnen vierzehn Tagen Tag zurückzuzahlen, Mitteilung über Ihren Widerruf Vertrags eingegangen ist. Für Rückzahlung verwenden Zahlungsmittel, Sie ursprünglichen Transaktion eingesetzt haben, denn, Ihnen ausdrücklich anderes vereinbart; Fall Ihnen Rückzahlung Entgelte berechnet. Wir können Rückzahlung verweigern, Waren zurückerhalten Sie Nachweis erbracht haben, Sie Waren zurückgesandt haben, nachdem, frühere Zeitpunkt ist. Sie Waren unverzüglich Fall spätestens binnen vierzehn Tagen Tag, Sie über Widerruf Vertrags unterrichten, zurückzusenden übergeben. Die Frist gewahrt, Sie Waren Ablauf Frist vierzehn Tagen absenden. Sie tragen unmittelbaren Kosten Rücksendung Waren. Sie müssen für etwaigen Wertverlust Waren aufkommen, Wertverlust Prüfung Beschaffenheit, Eigenschaften Funktionsweise Waren notwendigen Umgang zurückzuführen ist. Ende Widerrufsbelehrung Ausschluss Widerrufsrechts Lieferung Ton- Videoaufnahmen Computersoftware versiegelten Packung, Versiegelung Lieferung entfernt wurde. Allgemeine Hinweise 1. Bitte vermeiden Sie Beschädigungen Verunreinigungen Ware. Senden Sie Ware bitte möglichst Originalverpackung sämtlichem Zubehör Verpackungsbestandteilen zurück. Verwenden Sie ggf. schützende Umverpackung. Wenn Sie Originalverpackung besitzen, sorgen Sie bitte geeigneten Verpackung für ausreichenden Schutz Transportschäden. 2. Bitte beachten Sie, vorgenannte Ziffer 1 Voraussetzung für wirksame Ausübung Widerrufsrechts ist. Muster-Widerrufsformular (Wenn Sie Vertrag widerrufen wollen, füllen Sie bitte Formular senden Sie zurück.) - An Biofrid-Cosmetic GmbH &amp; Co. KG, Geschäftsführer: Reiner Kehlbeck, Heinfried Kehlbeck, Natascha Kehlbeck, Martin Stannat, Hasseler Steinweg 9, 27318 Hoya, Fax: 04251/9352-290, E-Mail: info@biofrid.de - Hiermit widerrufe(n) ich/ (*) mir/ (*) abgeschlossenen Vertrag über Kauf folgenden Waren (*)/die Erbringung folgenden Dienstleistung (*) - Bestellt (*)/ erhalten (*) - Name des/ Verbraucher(s) - Anschrift des/ Verbraucher(s) - Unterschrift des/ Verbraucher(s) (nur Mitteilung Papier) - Datum (*) Unzutreffendes streichen. Powered by First-Web * Gilt für Lieferungen Deutschland. Lieferzeiten für Länder Informationen Berechnung Liefertermins siehe </fragment> </item> <item> <fragment> Allgemeine Geschäftsbedingungen - Biofrid-Cosmetic GmbH &amp; Co. KG Herstellung Vertrieb diätetischen, kosmetischen pharmazeutischen Produkten » Startseite Login / Registrierung | Ihre persönliche Seite | Warenkorb | Kasse Suche Literatur Produkte Ätherische/fette Öle Kosmetik Nahrungsergänzung/erg.bil. Diät Liefer- Versandkosten Datenschutz Unsere AGB Impressum Kontakt Widerrufsrecht Widerrufsformular Newsletter Biofrid Cosmetic GmbH &amp; Co.KG Hasseler Steinweg 9 27318 Hoya Postfach 1355 27316 Hoya Telefon 04251 9352-396 Telefax 04251 9352-290 Social Bookmarks Allgemeine Geschäftsbedingungen Allgemeine Geschäftsbedingungen § 1 Geltungsbereich Für Geschäftsbeziehungen Besteller gelten Bestellungen über Internetshop nachfolgenden Allgemeinen Geschäftsbedingungen Zeitpunkt Bestellung gültigen Fassung. § 2 Vertragsschluss Die Darstellung Produkte unserem Internetauftritt beinhaltet lediglich Aufforderung Kunden Abgabe Vertragsangebotes. Indem Kunde Bestellung absendet, Angebot Sinne § 145 BGB ab. Der Kunde erhält Bestätigung Empfangs Bestellung per e-Mail. Auf mögliche Fehler Angaben Sortiment Internetseite Kunden ggf. gesondert hinweisen entsprechendes Gegenangebot unterbreiten. Der Kunde verzichtet Zugang Annahmeerklärung, § 151 S.1 BGB. Der Vertrag zustande, Angebot Kunden innerhalb 10 Tagen schriftlich Textform annehmen  bestellte Ware übersenden Kunde Vorkasse leistet. Für Fall vereinbarten Zahlungsart Vorkasse erklären Annahme Vertrages Zeitpunkt, Kunde Vorkasse leistet, Zahlung innerhalb 10 Tagen Absendung Bestellung erfolgt. Sie tragen unmittelbaren Kosten Rücksendung Ware. § 3 Kostentragung Sendungskosten Falle Ausübung Widerrufsrechtes Bei Ausübung Widerrufsrechtes, Ihnen Zahlungen, Ihnen erhalten haben, einschließlich Lieferkosten (mit Ausnahme zusätzlichen Kosten, ergeben, Sie Art Lieferung angebotene, günstigste Standardlieferung gewählt haben), unverzüglich spätestens binnen vierzehn Tagen Tag zurückzuzahlen, Mitteilung über Ihren Widerruf Vertrags eingegangen ist. Für Rückzahlung verwenden Zahlungsmittel, Sie ursprünglichen Transaktion eingesetzt haben, denn, Ihnen ausdrücklich anderes vereinbart; Fall Ihnen Rückzahlung Entgelte berechnet. Wir können Rückzahlung verweigern, Waren zurückerhalten Sie Nachweis erbracht haben, Sie Waren zurückgesandt haben, nachdem, frühere Zeitpunkt ist. Sie tragen unmittelbaren Kosten Rücksendung. § 4 Lieferung, Versandkosten, Gefahrenübergang Die Lieferung erfolgt jeweils Einzelfall ausgewiesenen Versandkosten. Sofern Kunde Verbraucher ist, tragen unabhängig Versandart Fall Versandrisiko. Sofern Kunde Unternehmer ist, Risiken Gefahren Versendung Kunden über, sobald Ware beauftragten Logistikpartner übergeben ist. § 5  Eigentumsvorbehalt Die gelieferte Ware bleibt vollständigen Bezahlung Kaufpreises Eigentum. § 6  Gewährleistung Die Gewährleistung richtet gesetzlichen Vorschriften. § 7 Verbraucherinformationen Fernabsatzverträgen über Erwerb Waren Speziellen vorstehend erwähnten Verhaltenskodizes unterliegen nicht. Etwaige Eingabefehler Abgabe Ihrer Bestellung können Sie abschließenden Bestätigung Kasse erkennen Hilfe Lösch- Änderungsfunktion Absendung Bestellung jederzeit korrigieren. Die wesentlichen Merkmale angebotenen Waren Gültigkeitsdauer befristeter Angebote entnehmen Sie bitte einzelnen Produktbeschreibungen Rahmen unseres Internetangebots. Die für Vertragsabschluss Verfügung stehende Sprache ausschließlich Deutsch. Beanstandungen Gewährleistungsansprüche können Sie Anbieterkennzeichnung angegebenen Adresse vorbringen. Den Vertragstext können Sie über Druckfunktion Ihres Browsers ausdrucken. Der Vertragstext Bestellungen unserem Internetshop für Kunden zugänglich. Der Vertragstext ferner gespeichert. Informationen Zahlung, Lieferung Erfüllung entnehmen Sie bitte Angebot. Sie erhalten Vertragsschluss automatisch E-mail Informationen Abwicklung Vertrages. Die automatische E-Mail enthält Bestell-Nr. Überweisung fälligen Rechnungsbetrages anzugeben ist. Die Bestell-Nr. Regel übereinstimmen Rechnungsnummer. § 8 Verschiedenes Auf Vertragsverhältnis Kunden jeweiligen Geschäftsbedingungen findet Recht Bundesrepublik Deutschland Anwendung. Sofern Kunde Verbraucher ist, bleiben Recht Aufenthaltslandes Kunden Gunsten Verbrauchers bestehenden geltenden gesetzlichen Regelungen Rechte Vereinbarung unberührt. Die Anwendung UN-Kaufrecht ausgeschlossen. Ausschließlicher Gerichtsstand Gericht unseres Geschäftssitzes soweit Kunde Kaufmann Sinne HGB Körperschaft öffentlichen Rechts ist. Wir Recht, Sitz Kunden klagen. § 9 Salvatorische Klausel Sollten einzelne Bestimmungen Vertrages teilweise rechtswirksam Rechtswirksamkeit später verlieren, Gültigkeit Vertrages Übrigen berührt. Diese Seite drucken Powered by First-Web * Gilt für Lieferungen Deutschland. Lieferzeiten für Länder Informationen Berechnung Liefertermins siehe </fragment> </item> <item> <fragment> Liefer- Versandkosten - Biofrid-Cosmetic GmbH &amp; Co. KG Herstellung Vertrieb diätetischen, kosmetischen pharmazeutischen Produkten » Startseite Login / Registrierung | Ihre persönliche Seite | Warenkorb | Kasse Suche Literatur Produkte Ätherische/fette Öle Kosmetik Nahrungsergänzung/erg.bil. Diät Liefer- Versandkosten Datenschutz Unsere AGB Impressum Kontakt Widerrufsrecht Widerrufsformular Newsletter Biofrid Cosmetic GmbH &amp; Co.KG Hasseler Steinweg 9 27318 Hoya Postfach 1355 27316 Hoya Telefon 04251 9352-396 Telefax 04251 9352-290 Social Bookmarks Liefer- Versandkosten Versand Deutschland (inkl. MwSt) : Die Ware Bestellwert 110,00 Euro versandkostenfrei geliefert, ansonsten berechnen Versandkosten gemäß nachstehenden Tabelle Gewicht bestellten Ware. Die Versendung erfolgt innerhalb Deutschland GLS. Gewichtsklasse Versandkosten (inkl. MwSt.) bis   1,0 kg 4,20 € über   1,0 kg bis   2,0 kg 4,60 € über   2,0 kg bis   5,0 kg 4,90 € über   5,0 kg 10,0 kg 5,60 € über 10,0 kg 25,0 kg 8,50 € über 25,0 kg 30,0 kg 9,20 € über 30,0 kg 40,0 kg 15,90 € Versand Europa Welt (inkl. MwSt) : Außerhalb Deutschlands erfolgt Versand per Post, GLS und DHL. Bei Sendungen 2 Kilo 500 Gramm Verpackung hinzugerechnet. Bei Sendungen 2 Kilo 25% bestellten Gewichts Verpackung hinzugerechnet. Versand Zone 1 Zone 2 Zone 3 Zone 4 bis      1 kg 17,00 € 17,00 € 17,00 € 17,00 € 1 kg -   2 kg 27,00 € 27,00 € 27,00 € 27,00 € 2 kg -   5 kg 18,00 € 32,00 € 38,00 € 45,00 € 5 kg - 10 kg 24,00 € 37,00 € 50,00 € 62,00 € 10 kg - 20 kg 34,00 € 52,00 € 71,00 € 95,00 € Achtung: versenden grundsätzlich bis 2,0 Kilo Maxibrief ab 2,0 Kilo Paket, Sendungsverfolgung möglich ist. Bis 5,0 kg würden somit Zone 1 = 18,00 Euro Versandkosten anfallen. Sollten Sie Fragen diesbezüglich haben, nehmen Sie bitte Kontakt auf. Lieferzeiten Information über Lieferzeiten: Die Frist für Lieferung Waren beginnt Zahlung per Vorkasse Tag Erteilung Zahlungsauftrags überweisende Kreditinstitut, Zahlung Rechnung Tag Vertragsschluss laufen endet Ablauf letzten Tages Frist. Fällt letzte Tag Frist Samstag, Sonntag Lieferort staatlich anerkannten Feiertag, Stelle Tages nächste Werktag. Lieferzeiten: Die Lieferzeit Deutschland erfolgt innerhalb 3-7 Werktagen. In nachfolgenden Tabelle finden Sie Lieferzeiten für Versand Länder, Sie jeweiligen Artikel angegebenen Lieferzeit hinzurechnen müssen. Versand Zone 1 Zone 2 Zone 3 Zone 4 zusätzliche Lieferzeit +14 +21 +21 +28 Zone 1: Europa I Andorra, Azoren, Belgien, Dänemark, Färöer (DK), Finnland, Frankreich, Griechenland, Grönland, Großbritannien, Guernsey, Irland, Italien, Jersey, Liechtenstein, Luxemburg, Monaco, Niederlande, Österreich, Polen, Portugal, San Marino, Schweden, Slowakei, Spanien (inklusive Balearen), Tschechische Republik, Vatikanstadt. Zone 2: Europa II Albanien, Armenien, Aserbaidschan, Belarus (Weißrussland), Bosnien Herzegowina, Bulgarien, Estland, Georgien, Island, Jugoslawien, Kanarische Inseln, Kasachstan, Kosovo, Kroatien, Lettland, Litauen, Mazedonien, Malta, Montenegro, Norwegen, Rumänien, Russische Föderation, Schweiz, Serbien, Slowenien, Türkei, Ukraine, Ungarn, Zypern. Zone 3: Welt I Ägypten, Algerien, Bahrain, Irak, Iran, Israel, Jemen, Jordanien, Kanada, Katar, Kuwait, Libanon, Libyen, Marokko, Oman, Saudi-Arabien, St. Pierre Miquelon, Syrien, Tunesien, USA, Vereinigte Arabische Emirate. Zone 4: Welt II Hierzu gehören Länder, übrigen Zonen eingeordnet sind. Wenn Sie Ihr Zielland Regionen auffinden, fällt Zone Powered by First-Web * Gilt für Lieferungen Deutschland. Lieferzeiten für Länder Informationen Berechnung Liefertermins siehe </fragment> </item> <item> <fragment> Nahrungsergänzung/erg.bil. Diät - Biofrid-Cosmetic GmbH &amp; Co. KG Herstellung Vertrieb diätetischen, kosmetischen pharmazeutischen Produkten » Startseite Login / Registrierung | Ihre persönliche Seite | Warenkorb | Kasse Suche Literatur Produkte Ätherische/fette Öle Kosmetik Nahrungsergänzung/erg.bil. Diät Liefer- Versandkosten Datenschutz Unsere AGB Impressum Kontakt Widerrufsrecht Widerrufsformular Newsletter Biofrid Cosmetic GmbH &amp; Co.KG Hasseler Steinweg 9 27318 Hoya Postfach 1355 27316 Hoya Telefon 04251 9352-396 Telefax 04251 9352-290 Social Bookmarks Nahrungsergänzung/erg.bil. Diät Alkala® S Pulver Details Ab 16,50 EUR incl. 7 % UST exkl. Versandkosten Lieferzeit:3-7 Werktage* Arginin-diet Biofrid Details Ab 11,90 EUR incl. 7 % UST exkl. Versandkosten Lieferzeit:3-7 Werktage* EPALIPID® Details Ab 17,50 EUR incl. 7 % UST exkl. Versandkosten Lieferzeit:3-7 Werktage* Fischöl Kapseln Biofrid Details Ab 10,70 EUR incl. 7 % UST exkl. Versandkosten Lieferzeit:3-7 Werktage* Nachtkerzenöl Kapseln Details Ab 10,20 EUR incl. 7 % UST exkl. Versandkosten Lieferzeit:3-7 Werktage* Probikehl Details Ab 10,90 EUR incl. 7 % UST exkl. Versandkosten Lieferzeit:3-7 Werktage* RMS Biofrid Details Ab 18,00 EUR incl. 7 % UST exkl. Versandkosten Lieferzeit:3-7 Werktage* Selen-Biofrid Details Ab 5,50 EUR incl. 7 % UST exkl. Versandkosten Lieferzeit:3-7 Werktage* Zink-diet Biofrid Details Ab 9,00 EUR incl. 7 % UST exkl. Versandkosten Lieferzeit:3-7 Werktage* Zeige 1 9 (von insgesamt 9 Artikeln) Seiten: 1 Powered by First-Web * Gilt für Lieferungen Deutschland. Lieferzeiten für Länder Informationen Berechnung Liefertermins siehe </fragment> </item> <item> <fragment> Kosmetik - Biofrid-Cosmetic GmbH &amp; Co. KG Herstellung Vertrieb diätetischen, kosmetischen pharmazeutischen Produkten » Startseite Login / Registrierung | Ihre persönliche Seite | Warenkorb | Kasse Suche Literatur Produkte Ätherische/fette Öle Kosmetik Nahrungsergänzung/erg.bil. Diät Liefer- Versandkosten Datenschutz Unsere AGB Impressum Kontakt Widerrufsrecht Widerrufsformular Newsletter Biofrid Cosmetic GmbH &amp; Co.KG Hasseler Steinweg 9 27318 Hoya Postfach 1355 27316 Hoya Telefon 04251 9352-396 Telefax 04251 9352-290 Social Bookmarks Kosmetik Arnica Creme Biofrid Details Ab 6,90 EUR incl. 19 % UST exkl. Versandkosten Lieferzeit:3-7 Werktage* Didier® Badeperlen Germanium Details Ab 19,90 EUR incl. 19 % UST exkl. Versandkosten Lieferzeit:3-7 Werktage* Didier® Badeperlen Germanium (Beutel) Details Ab 191,60 EUR incl. 19 % UST exkl. Versandkosten Lieferzeit:3-7 Werktage* Didier® Hautcreme Germanium Details Mit verbesserter Rezeptur Basis Rohstoffen kontrolliert biologischem Anbau Ab 19,90 EUR incl. 19 % UST exkl. Versandkosten Lieferzeit:3-7 Werktage* Didier® Nachtkerzen-Vitamin E Lotion Details Ab 10,60 EUR incl. 19 % UST exkl. Versandkosten Lieferzeit:3-7 Werktage* Didier® Nachtkerzen-Vitamin E-Creme Details Ab 7,50 EUR incl. 19 % UST exkl. Versandkosten Lieferzeit:3-7 Werktage* Propolis Creme Biofrid Details Ab 6,90 EUR incl. 19 % UST exkl. Versandkosten Lieferzeit:3-7 Werktage* Ringelblumen Creme Biofrid Details Ab 6,90 EUR incl. 19 % UST exkl. Versandkosten Lieferzeit:3-7 Werktage* Zeige 1 8 (von insgesamt 8 Artikeln) Seiten: 1 Powered by First-Web * Gilt für Lieferungen Deutschland. Lieferzeiten für Länder Informationen Berechnung Liefertermins siehe </fragment> </item> <item> <fragment> Didier® Badeperlen Germanium (Beutel) - Biofrid-Cosmetic GmbH &amp; Co. KG Herstellung Vertrieb diätetischen, kosmetischen pharmazeutischen Produkten » Startseite Login / Registrierung | Ihre persönliche Seite | Warenkorb | Kasse Suche Literatur Produkte Ätherische/fette Öle Kosmetik Nahrungsergänzung/erg.bil. Diät Liefer- Versandkosten Datenschutz Unsere AGB Impressum Kontakt Widerrufsrecht Widerrufsformular Newsletter Biofrid Cosmetic GmbH &amp; Co.KG Hasseler Steinweg 9 27318 Hoya Postfach 1355 27316 Hoya Telefon 04251 9352-396 Telefax 04251 9352-290 Social Bookmarks [weiter&gt;] [Letztes&gt;&gt;] 54 Artikel Kategorie Didier® Badeperlen Germanium (Beutel) Inhalt: 200 Perlen Art.Nr.: 27535200 Preis: 191,60 EUR PAngV: 0,96 EUR pro Stück Gewicht: 0.9 Kg Ab 191,60 EUR incl. 19 % UST exkl. Versandkosten Lieferzeit: 3-7 Werktage* Art Produkts: Badeperlen Beschreibung: Entspannung Pflege einem. Didier® Badeperlen Germanium für Hauttyp verträglich. Didier® Badeperlen Germanium ausgewählten Inhaltsstoffen hochwertige Pflege für Ihre Haut, wohltuende Art nachhaltig angeregt belebt. Sanumgerman gehört wichtigsten Bestandteilen ausgewogenen pflegenden Komposition, erstmalig Firmengruppe patentiert wurde. Die wohltuenden Inhaltsstoffe Didier® Badeperlen Germanium verteilen Auflösen Kapseln angenehm Hautfläche. Das Zusammenspiel wohlig warmen Bades Didier® Badeperlen Germanium führt entspannenden nachhaltig hautpflegenden Wirkung. Germanium Badeperlen wahre "Perlen", die, regelmäßig angewendet, beitragen, Spannkraft Frische wiederzugewinnen bewahren. Anwendung: 1x wöchentlich Vollbad 1–2 Didier® Badeperlen Hinweis: Zur Steigerung pflegenden Wirkung empfehlen zusätzlich Verwendung Didier® Hautcreme Germanium . Inhalt: 100 / 200 Badeperlen Beutel Inhaltsstoffe: Isopropyl Myristate, Gelatin, Parfum, Silica, Glycerin, Germanium-Citrate-Lactate Powder, Linalool, Limonene, Hexyl Cinnamal, Citronellol, Cinnamyl Alcohol, Eugenol, Alpha-Isomethyl Ionone, Hydroxyisohexyl 3-Cyclohexene Carboxaldehyde, Ethylparaben, Propylparaben, Denatonium Benzoate, CI 77492 Kunden, Artikel kauften, folgende Artikel gekauft: Didier® Nachtkerzen-Vitamin E Lotion Ab 10,60 EUR incl. 19 % UST exkl. Versandkosten Teebaumöl, kbA Ab 6,90 EUR incl. 19 % UST exkl. Versandkosten Zedernöl, kbA Ab 8,50 EUR incl. 19 % UST exkl. Versandkosten Didier® Badeperlen Germanium Ab 19,90 EUR incl. 19 % UST exkl. Versandkosten Zimtblätteröl, kbA Ab 4,00 EUR incl. 19 % UST exkl. Versandkosten Didier® Hautcreme Germanium Ab 19,90 EUR incl. 19 % UST exkl. Versandkosten Powered by First-Web * Gilt für Lieferungen Deutschland. Lieferzeiten für Länder Informationen Berechnung Liefertermins siehe </fragment> </item> <item> <fragment> Fischöl Kapseln Biofrid - Biofrid-Cosmetic GmbH &amp; Co. KG Herstellung Vertrieb diätetischen, kosmetischen pharmazeutischen Produkten » Startseite Login / Registrierung | Ihre persönliche Seite | Warenkorb | Kasse Suche Literatur Produkte Ätherische/fette Öle Kosmetik Nahrungsergänzung/erg.bil. Diät Liefer- Versandkosten Datenschutz Unsere AGB Impressum Kontakt Widerrufsrecht Widerrufsformular Newsletter Biofrid Cosmetic GmbH &amp; Co.KG Hasseler Steinweg 9 27318 Hoya Postfach 1355 27316 Hoya Telefon 04251 9352-396 Telefax 04251 9352-290 Social Bookmarks [&lt;&lt;Erstes] [&lt;zurück] [weiter&gt;] [Letztes&gt;&gt;] 54 Artikel Kategorie Fischöl Kapseln Biofrid 240er 60er Inhalt: 60 Kapseln Art.Nr.: 37311060 PZN: 10132493 Preis: 10,70 EUR PAngV: 25,48 EUR pro 100 Gramm Gewicht: 0.07 Kg 240 Kapseln Art.Nr.: 37311240 PZN: 10132501 Preis: 32,90 EUR PAngV: 19,58 EUR pro 100 Gramm Gewicht: 0.24 Kg Ab 10,70 EUR incl. 7 % UST exkl. Versandkosten Lieferzeit: 3-7 Werktage* Nahrungsergänzungsmittel ungesättigten Fettsäuren Zutaten: Fischöl (71,4%), Gelatine, Feuchthaltemittel: Glycerin, DL-alpha-Tocopherylacetat, Antioxidationsmittel: stark tocopherolhaltige Extrakte Füllmenge: 42 (60 Kapseln) 168 (240 Kapseln) Verzehrempfehlung: 3 mal täglich 2 Kapseln Mahlzeiten verzehren Health Claim(s): EPA DHA tragen normalen Herzfunktion bei. DHA trägt normalen Gehirnfunktion Sehkraft bei. Hinweis: Das Öl Fischöl Kapseln Biofrid Hochseefischen gewonnen enthält ungesättigte Fettsäuren (die sogenannten Omega-3-Fettsäuren EPA DHA). Der Ersatz gesättigter Fettsäuren einfach und/oder mehrfach ungesättigte Fettsäuren Ernährung trägt Aufrechterhaltung normalen Cholesterinspiegels Blut bei. Der menschliche Organismus ausreichend produzieren, sodass Nahrung aufgenommen müssen. Die positive Wirkung Erhaltung normalen Gehirnfunktion Sehkraft stellt täglichen Aufnahme 250 mg DHA ein. Die positive Wirkung Erhaltung normalen Herzfunktion stellt täglichen Aufnahme 250 mg EPA DHA ein. Dieses Nahrungsergänzungsmittel Ersatz für abwechslungsreiche ausgewogene Ernährung gesunde Lebensweise. Die angegebene Tagesdosis überschreiten. Für Kinder unzugänglich aufbewahren. Nährstofftabelle: Nährstoff pro Tag (6 Kapseln) % T.B. 1) Fischöl 3.000 mg 2) * Eicosapentaensäure (EPA) 480 mg 2) * Docosahexaensäure (DHA) 300 mg 2) * Omega-3-Fettsäuren 900 mg 1) Referenzmenge gemäß LMIV 2) RDA-Wert festgelegt Nährwerttabelle: Brennwert 126 kJ/ 30 kcal Fett 3,0 * gesättigte Fettsäuren 0,6 * einfach ungesättigte Fettsäuren 0,6 * mehrfach ungesättigte Fettsäuren 1,2 Kohlenhydrate 0,3 * Zucker 0 Eiweiß 0,6 Salz &lt; 0,1 Vitamin E 1,8 mg alpha-TE 15 Allergene: Fisch Hersteller: Sanum-Kehlbeck GmbH &amp; Co. KG, Hasseler Steinweg 9, 27318 Hoya Kunden, Artikel kauften, folgende Artikel gekauft: Nachtkerzenöl Kapseln Ab 10,20 EUR incl. 7 % UST exkl. Versandkosten Didier® Nachtkerzen-Vitamin E-Creme Ab 7,50 EUR incl. 19 % UST exkl. Versandkosten Didier® Hautcreme Germanium Ab 19,90 EUR incl. 19 % UST exkl. Versandkosten Arnica Creme Biofrid Ab 6,90 EUR incl. 19 % UST exkl. Versandkosten Ringelblumen Creme Biofrid Ab 6,90 EUR incl. 19 % UST exkl. Versandkosten Propolis Creme Biofrid Ab 6,90 EUR incl. 19 % UST exkl. Versandkosten Powered by First-Web * Gilt für Lieferungen Deutschland. Lieferzeiten für Länder Informationen Berechnung Liefertermins siehe </fragment> </item> <item> <fragment> Cajeputöl, kbA - Biofrid-Cosmetic GmbH &amp; Co. KG Herstellung Vertrieb diätetischen, kosmetischen pharmazeutischen Produkten » Startseite Login / Registrierung | Ihre persönliche Seite | Warenkorb | Kasse Suche Literatur Produkte Ätherische/fette Öle Kosmetik Nahrungsergänzung/erg.bil. Diät Liefer- Versandkosten Datenschutz Unsere AGB Impressum Kontakt Widerrufsrecht Widerrufsformular Newsletter Biofrid Cosmetic GmbH &amp; Co.KG Hasseler Steinweg 9 27318 Hoya Postfach 1355 27316 Hoya Telefon 04251 9352-396 Telefax 04251 9352-290 Social Bookmarks [weiter&gt;] [Letztes&gt;&gt;] 54 Artikel Kategorie Cajeputöl, kbA Inhalt: 10 ml Art.Nr.: 93102 PZN: 1927897 Preis: 6,90 EUR PAngV: 69,00 EUR pro 100 ml Gewicht: 0.05 Kg Ab 6,90 EUR incl. 19 % UST exkl. Versandkosten Lieferzeit: 3-7 Werktage* Herkunft: Vietnam Art Produkts: Ätherisches Öl kontrolliert biologischem Anbau (kbA) Beschreibung: Dieses Öl starke Kopfnote, erfrischend reinigend empfunden wird. Das frische klare Duftprofil Geltung Verwendung Wasserspiel. Hinweis: Unsere ätherischen fetten Öle kontrolliert biologischem Anbau (kbA) höchster Qualität. Es handelt flüchtige, hochkonzentrierte, ölige Substanzen, unterschiedlichen Herstellungsverfahren - Wasserdampfdestillation kalte Pressung - verschiedenen Pflanzenteilen gewonnen werden. Sie zumeist farblos hinterlassen Regel (außer Kaltpressung) sichtbaren Spuren, verflüchtigt haben. Diese ätherischen Öle 100% naturrein. Der Einsatz ätherischer Öle sparsam bewusst geschehen. Sie dienen Raumbeduftung Luftverbesserung. Sie dürfen unverdünnt Haut Schleimhäuten Kontakt gebracht werden, Reizungen führen können. In Schwangerschaft Kindern besondere Vorsicht geboten. Die angebotenen genuinen ätherischen Öle aufgrund Vielzahl einzigen Pflanze enthaltenen Duftstoffe umfassendes Bouquet. Darauf bezüglich Wahl Herkunftslandes Wert gelegt, Sortiment bewusst knapp gehalten. Aufgrund Lieferengpässen Ernteausfällen Ausnahmefällen Land gewechselt werden. Als Trägeröl bieten Jojobaöl an. Inhalt: Melaleuca cajeputi Blättern Kunden, Artikel kauften, folgende Artikel gekauft: Didier® Hautcreme Germanium Ab 19,90 EUR incl. 19 % UST exkl. Versandkosten Didier® Nachtkerzen-Vitamin E Lotion Ab 10,60 EUR incl. 19 % UST exkl. Versandkosten Arginin-diet Biofrid Ab 11,90 EUR incl. 7 % UST exkl. Versandkosten Zink-diet Biofrid Ab 9,00 EUR incl. 7 % UST exkl. Versandkosten Majoranöl, kbA Ab 6,90 EUR incl. 19 % UST exkl. Versandkosten Palmarosaöl, kbA Ab 5,90 EUR incl. 19 % UST exkl. Versandkosten Powered by First-Web * Gilt für Lieferungen Deutschland. Lieferzeiten für Länder Informationen Berechnung Liefertermins siehe </fragment> </item> <item> <fragment> Thymianöl (linalol), kbA - Biofrid-Cosmetic GmbH &amp; Co. KG Herstellung Vertrieb diätetischen, kosmetischen pharmazeutischen Produkten » Startseite Login / Registrierung | Ihre persönliche Seite | Warenkorb | Kasse Suche Literatur Produkte Ätherische/fette Öle Kosmetik Nahrungsergänzung/erg.bil. Diät Liefer- Versandkosten Datenschutz Unsere AGB Impressum Kontakt Widerrufsrecht Widerrufsformular Newsletter Biofrid Cosmetic GmbH &amp; Co.KG Hasseler Steinweg 9 27318 Hoya Postfach 1355 27316 Hoya Telefon 04251 9352-396 Telefax 04251 9352-290 Social Bookmarks [weiter&gt;] [Letztes&gt;&gt;] 54 Artikel Kategorie Thymianöl (linalol), kbA Inhalt: 5 ml Art.Nr.: 93751 PZN: 6872103 Preis: 11,40 EUR pro Stück PAngV: 228,00 EUR pro Gewicht: 0.05 Kg Ab 11,40 EUR incl. 19 % UST exkl. Versandkosten Lieferzeit: 3-7 Werktage* Herkunft: Frankreich Art Produkts: Ätherisches Öl kontrolliert biologischem Anbau (kbA) Beschreibung: Das ätherische Öl Thymians breites Bouquet Duftnoten, frisch, herb-süß mild reichen Zitrone erinnern. Nach Raumbeduftung erscheint Luft gereinigt, fühlen angeregt motiviert. Hinweis: Unsere ätherischen fetten Öle kontrolliert biologischem Anbau (kbA) höchster Qualität. Es handelt flüchtige, hochkonzentrierte, ölige Substanzen, unterschiedlichen Herstellungsverfahren - Wasserdampfdestillation kalte Pressung - verschiedenen Pflanzenteilen gewonnen werden. Sie zumeist farblos hinterlassen Regel (außer Kaltpressung) sichtbaren Spuren, verflüchtigt haben. Diese ätherischen Öle 100% naturrein. Der Einsatz ätherischer Öle sparsam bewusst geschehen. Sie dienen Raumbeduftung Luftverbesserung. Sie dürfen unverdünnt Haut Schleimhäuten Kontakt gebracht werden, Reizungen führen können. In Schwangerschaft Kindern besondere Vorsicht geboten. Die angebotenen genuinen ätherischen Öle aufgrund Vielzahl einzigen Pflanze enthaltenen Duftstoffe umfassendes Bouquet. Darauf bezüglich Wahl Herkunftslandes Wert gelegt, Sortiment bewusst knapp gehalten. Aufgrund Lieferengpässen Ernteausfällen Ausnahmefällen Land gewechselt werden. Als Trägeröl bieten Jojobaöl an. Inhalt: Thymus vulgaris linalol Kraut Kunden, Artikel kauften, folgende Artikel gekauft: Zink-diet Biofrid Ab 9,00 EUR incl. 7 % UST exkl. Versandkosten Didier® Hautcreme Germanium Ab 19,90 EUR incl. 19 % UST exkl. Versandkosten Didier® Nachtkerzen-Vitamin E Lotion Ab 10,60 EUR incl. 19 % UST exkl. Versandkosten Didier® Nachtkerzen-Vitamin E-Creme Ab 7,50 EUR incl. 19 % UST exkl. Versandkosten Propolis Creme Biofrid Ab 6,90 EUR incl. 19 % UST exkl. Versandkosten Ringelblumen Creme Biofrid Ab 6,90 EUR incl. 19 % UST exkl. Versandkosten Powered by First-Web * Gilt für Lieferungen Deutschland. Lieferzeiten für Länder Informationen Berechnung Liefertermins siehe </fragment> </item> <item> <fragment> Pfefferminzöl, kbA - Biofrid-Cosmetic GmbH &amp; Co. KG Herstellung Vertrieb diätetischen, kosmetischen pharmazeutischen Produkten » Startseite Login / Registrierung | Ihre persönliche Seite | Warenkorb | Kasse Suche Literatur Produkte Ätherische/fette Öle Kosmetik Nahrungsergänzung/erg.bil. Diät Liefer- Versandkosten Datenschutz Unsere AGB Impressum Kontakt Widerrufsrecht Widerrufsformular Newsletter Biofrid Cosmetic GmbH &amp; Co.KG Hasseler Steinweg 9 27318 Hoya Postfach 1355 27316 Hoya Telefon 04251 9352-396 Telefax 04251 9352-290 Social Bookmarks [weiter&gt;] [Letztes&gt;&gt;] 54 Artikel Kategorie Pfefferminzöl, kbA Inhalt: 10 ml Art.Nr.: 93552 PZN: 6872020 Preis: 9,70 EUR PAngV: 97,00 EUR pro 100 ml Ab 9,70 EUR incl. 19 % UST exkl. Versandkosten Lieferzeit: 3-7 Werktage* Herkunft: Indien Art Produkts: Ätherisches Öl kontrolliert biologischem Anbau (kbA) Beschreibung: Jeder kennt frischen, klaren kühlenden Duft Pfefferminze. Er starke Kopfnote Eindruck anregenden Klarheit für Denken. Die Luft erscheint gereinigt Duft, aktiviert werden. Hinweis: Unsere ätherischen fetten Öle kontrolliert biologischem Anbau (kbA) höchster Qualität. Es handelt flüchtige, hochkonzentrierte, ölige Substanzen, unterschiedlichen Herstellungsverfahren - Wasserdampfdestillation kalte Pressung - verschiedenen Pflanzenteilen gewonnen werden. Sie zumeist farblos hinterlassen Regel (außer Kaltpressung) sichtbaren Spuren, verflüchtigt haben. Diese ätherischen Öle 100% naturrein. Der Einsatz ätherischer Öle sparsam bewusst geschehen. Sie dienen Raumbeduftung Luftverbesserung. Sie dürfen unverdünnt Haut Schleimhäuten Kontakt gebracht werden, Reizungen führen können. In Schwangerschaft Kindern besondere Vorsicht geboten. Die angebotenen genuinen ätherischen Öle aufgrund Vielzahl einzigen Pflanze enthaltenen Duftstoffe umfassendes Bouquet. Darauf bezüglich Wahl Herkunftslandes Wert gelegt, Sortiment bewusst knapp gehalten. Aufgrund Lieferengpässen Ernteausfällen Ausnahmefällen Land gewechselt werden. Als Trägeröl bieten Jojobaöl an. Inhalt: Mentha piperita Kraut Kunden, Artikel kauften, folgende Artikel gekauft: Thymianöl (linalol), kbA Ab 11,40 EUR incl. 19 % UST exkl. Versandkosten Niaouliöl, kbA Ab 7,00 EUR incl. 19 % UST exkl. Versandkosten Teebaumöl, kbA Ab 6,90 EUR incl. 19 % UST exkl. Versandkosten Bergamotteöl, kbA Ab 8,50 EUR incl. 19 % UST exkl. Versandkosten Cajeputöl, kbA Ab 6,90 EUR incl. 19 % UST exkl. Versandkosten Palmarosaöl, kbA Ab 5,90 EUR incl. 19 % UST exkl. Versandkosten Powered by First-Web * Gilt für Lieferungen Deutschland. Lieferzeiten für Länder Informationen Berechnung Liefertermins siehe </fragment> </item> <item> <fragment> Tea tree, organic - Biofrid-Cosmetic GmbH &amp; Co. KG Herstellung Vertrieb diätetischen, kosmetischen pharmazeutischen Produkten » Home Login / Register | Your account | Shopping Cart | Cash box Search Literature Products Cosmetics Dietary Supplement Essential/fatty oils Shipping &amp; Returns Privacy Notice General terms and conditions Imprint Contact Right of revocation Standard withdrawal form Newsletter Biofrid Cosmetic GmbH &amp; Co.KG Hasseler Steinweg 9 27318 Hoya Postfach 1355 27316 Hoya Telefon 04251 9352-396 Telefax 04251 9352-290 Social Bookmarks [Next&gt;] [last&gt;&gt;] 54 Articles this categorie Tea tree, organic Volume: 10 ml Product No.: 93702 PZN: 6872066 Price: 6,90 EUR Price reg.: 69,00 EUR per 100 ml Weight: 0.05 Kg from 6,90 EUR incl. 19 % Tax excl. Shipping costs Shipping time: 3-7 working days* Origin: Australia Type of product: Essential oil from controlled organic crops Description: Tea tree oil is very well known due to its typical strong, herbaceous spicy fragrance. It leaves pure refreshing feeling and stimulates concentration. Note: These are volatile, highly concentrated oily substances obtained by different procedures e.g. water steam distillation or cold-pressing, from different plant elements. They are mostly clear and after having volatilized (except after cold-pressing) normally do not leave any visible traces. The products offered by Biofrid® are of high quality whose ingredients originate from controlled organic crops and contain 100% essential oil. Essential oils must be used very sparingly and consciously. They serve to fill room as well as improving the surrounding air with pleasant fragrance. Undiluted they must not come into contact with skin or mucous membranes, as this could cause irritation. Special caution must be exercised during pregnancy and the presence of children. Due to the numerous fragrances contained only one plant, genuine essential oils have very full bouquet to which great importance is attached regarding choice of the country of origin, and this is why the range is limited. In exceptional cases the supplier country is changed, e.g. where cases of supply shortage or crop failure could occur. Content: Melaleuca alternifolia from leaves Customers who bought this product bought the following products: RMS Biofrid from 18,00 EUR incl. 7 % Tax excl. Shipping costs Jojoba, organic from 6,90 EUR incl. 19 % Tax excl. Shipping costs Didier® Bath Pearls with Germanium (bag) from 191,60 EUR incl. 19 % Tax excl. Shipping costs Didier® Skin Moisturising Cream with Germanium from 19,90 EUR incl. 19 % Tax excl. Shipping costs Mandarin (red), organic from 7,70 EUR incl. 19 % Tax excl. Shipping costs Peppermint, organic from 9,70 EUR incl. 19 % Tax excl. Shipping costs Powered by First-Web * Gilt für Lieferungen Deutschland. Lieferzeiten für Länder Informationen Berechnung Liefertermins siehe </fragment> </item> <item> <fragment> Lavendelöl, kbA - Biofrid-Cosmetic GmbH &amp; Co. KG Herstellung Vertrieb diätetischen, kosmetischen pharmazeutischen Produkten » Startseite Login / Registrierung | Ihre persönliche Seite | Warenkorb | Kasse Suche Literatur Produkte Ätherische/fette Öle Kosmetik Nahrungsergänzung/erg.bil. Diät Liefer- Versandkosten Datenschutz Unsere AGB Impressum Kontakt Widerrufsrecht Widerrufsformular Newsletter Biofrid Cosmetic GmbH &amp; Co.KG Hasseler Steinweg 9 27318 Hoya Postfach 1355 27316 Hoya Telefon 04251 9352-396 Telefax 04251 9352-290 Social Bookmarks [weiter&gt;] [Letztes&gt;&gt;] 54 Artikel Kategorie Lavendelöl, kbA Inhalt: 10 ml Art.Nr.: 93202 PZN: 6871960 Preis: 8,50 EUR PAngV: 85,00 EUR pro 100 ml Gewicht: 0.05 Kg Ab 8,50 EUR incl. 19 % UST exkl. Versandkosten Lieferzeit: 3-7 Werktage* Herkunft: Bulgarien Art Produkts: Ätherisches Öl kontrolliert biologischem Anbau (kbA) Beschreibung: Das bekannteste klassische Duftöl frischen, krautig-blumigen Duft, wirkt ausgleichend harmonisierend Kombination Ölen wunderbaren Harmonisierung Duftmischungen führen. Hinweis: nsere ätherischen fetten Öle kontrolliert biologischem Anbau (kbA) höchster Qualität. Es handelt flüchtige, hochkonzentrierte, ölige Substanzen, unterschiedlichen Herstellungsverfahren - Wasserdampfdestillation kalte Pressung - verschiedenen Pflanzenteilen gewonnen werden. Sie zumeist farblos hinterlassen Regel (außer Kaltpressung) sichtbaren Spuren, verflüchtigt haben. Diese ätherischen Öle 100% naturrein. Der Einsatz ätherischer Öle sparsam bewusst geschehen. Sie dienen Raumbeduftung Luftverbesserung. Sie dürfen unverdünnt Haut Schleimhäuten Kontakt gebracht werden, Reizungen führen können. In Schwangerschaft Kindern besondere Vorsicht geboten. Die angebotenen genuinen ätherischen Öle aufgrund Vielzahl einzigen Pflanze enthaltenen Duftstoffe umfassendes Bouquet. Darauf bezüglich Wahl Herkunftslandes Wert gelegt, Sortiment bewusst knapp gehalten. Aufgrund Lieferengpässen Ernteausfällen Ausnahmefällen Land gewechselt werden. Als Trägeröl bieten Jojobaöl an. Inhalt: Lavandula angustifolia Blütenrispen Kunden, Artikel kauften, folgende Artikel gekauft: Didier® Badeperlen Germanium Ab 19,90 EUR incl. 19 % UST exkl. Versandkosten Arginin-diet Biofrid Ab 11,90 EUR incl. 7 % UST exkl. Versandkosten Didier® Hautcreme Germanium Ab 19,90 EUR incl. 19 % UST exkl. Versandkosten RMS Biofrid Ab 18,00 EUR incl. 7 % UST exkl. Versandkosten Selen-Biofrid Ab 5,50 EUR incl. 7 % UST exkl. Versandkosten Palmarosaöl, kbA Ab 5,90 EUR incl. 19 % UST exkl. Versandkosten Powered by First-Web * Gilt für Lieferungen Deutschland. Lieferzeiten für Länder Informationen Berechnung Liefertermins siehe </fragment> </item> <item> <fragment> Zimtblätteröl, kbA - Biofrid-Cosmetic GmbH &amp; Co. KG Herstellung Vertrieb diätetischen, kosmetischen pharmazeutischen Produkten » Startseite Login / Registrierung | Ihre persönliche Seite | Warenkorb | Kasse Suche Literatur Produkte Ätherische/fette Öle Kosmetik Nahrungsergänzung/erg.bil. Diät Liefer- Versandkosten Datenschutz Unsere AGB Impressum Kontakt Widerrufsrecht Widerrufsformular Newsletter Biofrid Cosmetic GmbH &amp; Co.KG Hasseler Steinweg 9 27318 Hoya Postfach 1355 27316 Hoya Telefon 04251 9352-396 Telefax 04251 9352-290 Social Bookmarks [weiter&gt;] [Letztes&gt;&gt;] 54 Artikel Kategorie Zimtblätteröl, kbA Inhalt: 5 ml Art.Nr.: 93851 PZN: 6872221 Preis: 4,00 EUR PAngV: 80,00 EUR pro 100 ml Gewicht: 0.05 Kg Ab 4,00 EUR incl. 19 % UST exkl. Versandkosten Lieferzeit: 3-7 Werktage* Herkunft: Sri Lanka Art Produkts: Ätherisches Öl kontrolliert biologischem Anbau (kbA) Beschreibung: Der Duft ätherischen Zimtöles Verwendung Pflanze Küche bekannt. Würzig, süß angenehm mild wirkt erwärmend, anregend inspirierend. Er vermittelt Gefühl angenehmen Geborgenheit. Hinweis: Unsere ätherischen fetten Öle kontrolliert biologischem Anbau (kbA) höchster Qualität. Es handelt flüchtige, hochkonzentrierte, ölige Substanzen, unterschiedlichen Herstellungsverfahren - Wasserdampfdestillation kalte Pressung - verschiedenen Pflanzenteilen gewonnen werden. Sie zumeist farblos hinterlassen Regel (außer Kaltpressung) sichtbaren Spuren, verflüchtigt haben. Diese ätherischen Öle 100% naturrein. Der Einsatz ätherischer Öle sparsam bewusst geschehen. Sie dienen Raumbeduftung Luftverbesserung. Sie dürfen unverdünnt Haut Schleimhäuten Kontakt gebracht werden, Reizungen führen können. In Schwangerschaft Kindern besondere Vorsicht geboten. Die angebotenen genuinen ätherischen Öle aufgrund Vielzahl einzigen Pflanze enthaltenen Duftstoffe umfassendes Bouquet. Darauf bezüglich Wahl Herkunftslandes Wert gelegt, Sortiment bewusst knapp gehalten. Aufgrund Lieferengpässen Ernteausfällen Ausnahmefällen Land gewechselt werden. Als Trägeröl bieten Jojobaöl an. Inhalt: Cinnamomum ceylanicum Blättern Kunden, Artikel kauften, folgende Artikel gekauft: Bergamotteöl, kbA Ab 8,50 EUR incl. 19 % UST exkl. Versandkosten Rosengeranienöl, kbA Ab 7,70 EUR incl. 19 % UST exkl. Versandkosten Thymianöl (linalol), kbA Ab 11,40 EUR incl. 19 % UST exkl. Versandkosten Didier® Badeperlen Germanium (Beutel) Ab 191,60 EUR incl. 19 % UST exkl. Versandkosten RMS Biofrid Ab 18,00 EUR incl. 7 % UST exkl. Versandkosten EPALIPID® Ab 17,50 EUR incl. 7 % UST exkl. Versandkosten Powered by First-Web * Gilt für Lieferungen Deutschland. Lieferzeiten für Länder Informationen Berechnung Liefertermins siehe </fragment> </item> <item> <fragment> Biofrid-Cosmetic GmbH &amp; Co. KG Herstellung Vertrieb diätetischen, kosmetischen pharmazeutischen Produkten » Home Login / Register | Your account | Shopping Cart | Cash box Search Literature Products Cosmetics Dietary Supplement Essential/fatty oils Shipping &amp; Returns Privacy Notice General terms and conditions Imprint Contact Right of revocation Standard withdrawal form Newsletter Biofrid Cosmetic GmbH &amp; Co.KG Hasseler Steinweg 9 27318 Hoya Postfach 1355 27316 Hoya Telefon 04251 9352-396 Telefax 04251 9352-290 Social Bookmarks Newsletter Security code Security code Mr. Mrs. Your first name Your last name Your e-mail address receive don't receive either Powered by First-Web * Gilt für Lieferungen Deutschland. Lieferzeiten für Länder Informationen Berechnung Liefertermins siehe </fragment> </item> <item> <fragment> - Biofrid-Cosmetic GmbH &amp; Co. KG Herstellung Vertrieb diätetischen, kosmetischen pharmazeutischen Produkten » Home Login / Register | Your account | Shopping Cart | Cash box Search Literature Products Cosmetics Dietary Supplement Essential/fatty oils Shipping &amp; Returns Privacy Notice General terms and conditions Imprint Contact Right of revocation Standard withdrawal form Newsletter Biofrid Cosmetic GmbH &amp; Co.KG Hasseler Steinweg 9 27318 Hoya Postfach 1355 27316 Hoya Telefon 04251 9352-396 Telefax 04251 9352-290 Social Bookmarks Bestellung widerrufen Wenn Sie gesetzliche Widerrufsrecht für Ihre Bestellung unserem Shop ausüben möchten, können Sie folgende Formular Angabe Bestell-Nr. entsprechenden eMail-Adresse verwenden. Nach Absenden Formulars erhalten Sie automatische Bestätigung über Erhalt Widerrufs. Ihre Bestell-Nr.: Ihre eMail-Adresse: Powered by First-Web * Gilt für Lieferungen Deutschland. Lieferzeiten für Länder Informationen Berechnung Liefertermins siehe </fragment> </item> <item> <fragment> Right of revocation - Biofrid-Cosmetic GmbH &amp; Co. KG Herstellung Vertrieb diätetischen, kosmetischen pharmazeutischen Produkten » Home Login / Register | Your account | Shopping Cart | Cash box Search Literature Products Cosmetics Dietary Supplement Essential/fatty oils Shipping &amp; Returns Privacy Notice General terms and conditions Imprint Contact Right of revocation Standard withdrawal form Newsletter Biofrid Cosmetic GmbH &amp; Co.KG Hasseler Steinweg 9 27318 Hoya Postfach 1355 27316 Hoya Telefon 04251 9352-396 Telefax 04251 9352-290 Social Bookmarks Right of revocation Consumers are entitled to right of withdrawal according to the following conditions, wherein the consumer is defined as every natural person entering into legal transaction for purpose attributed neither to commercial nor self-employed occupational activity: Returns policy Right of revocation Right of withdrawal You have the right to withdraw from this contract within fourteen days, without stating any reasons. The withdrawal period is fourteen days beginning the day on which you or third party designated by you, other than the carrier, have/has taken possession of the goods. In order to exercise your right of withdrawal, you have to notify us - Biofrid-Cosmetic GmbH &amp; Co. KG, Hasseler Steinweg 9, 27318 Hoya; Tel.: 04251/9352-395; Fax: 04251/9352-290; info@biofrid.de - by way of explicit declaration (e.g. letter sent by post, fax or e-mail) of your decision to withdraw from this contract. To this end you may use the attached standard withdrawal form, though this is not required. You may fill and submit the standard withdrawal form, or any other explicit declaration, electronically on our website www.mastavit.de. If you make use of this option, we communicate (e.g. via e-mail) acknowledgement of receipt of such withdrawal without delay. To observe the withdrawal period it is sufficient, if you send off the notice regarding the exercising of the right of withdrawal before the expiry of the withdrawal period. Consequences of the withdrawal If you withdraw from this contract, we reimburse all payments we have received from you including shipping charges (with the exception of additional charges which result from your choosing shipping method different from the cheapest standard shipping method offered by us), without delay and no later than fourteen days from the day that the notice of your withdrawal from this contract received by us. For this refund, we use the same payment method which used by you the original transaction, unless we explicitly made other arrangements with you. In no case you be charged any fees for this refund. We may refuse the reimbursement until we have received back the goods or until you have provided proof that the goods have been sent, depending on which ever occurs first. The goods must be returned to us without delay and any case no later fourteen days after the date that you notified us of your withdrawal from this contract. To observe this deadline, the goods must be sent off before the expiry of the fourteen day period. You shall bear the immediate cost for the returning of the goods. You shall only be liable for any diminished value of the goods resulting from the handling other than what is necessary order to ascertain the nature, characteristics and functioning of the goods. End of the revocation notice Exclusion of the right of revocation The right of revocation does not apply to distance sales contracts on the delivery of audio or video recordings or of software, if you have unsealed the delivered data medium. General remarks 1. Please avoid damaging or soiling of the goods. Please return the goods to us, if possible, their entire original packaging and together with all accessories. Use, if necessary, protective outer packaging. Should you not have the original packaging at your disposal any more, please use appropriate packaging to protect the goods against transport damages. 2. Please note that the aforementioned clause 1 do not constitute requirement for the effective exercise of your right of revocation. Print this page Standard withdrawal form (If you wish to withdraw from the contract, please fill out this form and send it back.) - To Biofrid-Cosmetic GmbH &amp; Co. KG, Managing Directors: Reiner Kehlbeck, Heinfried Kehlbeck, Natascha Kehlbeck, Martin Stannat, Hasseler Steinweg 9, 27318 Hoya, Fax: +49(0)4251/9352-290, e-mail: info@biofrid.de - I/We(*) hereby give notice that I/We (*) withdraw from my/our (*) contract of sale of the following goods (*)/provision of the following service (*). - Ordered on (*)/ received on (*) - Name of consumer(s) - Address of consumer(s) - Signature of consumer(s) (only case of paper version) - Date (*) Delete as appropriate Powered by First-Web * Gilt für Lieferungen Deutschland. Lieferzeiten für Länder Informationen Berechnung Liefertermins siehe </fragment> </item> <item> <fragment> General terms and conditions - Biofrid-Cosmetic GmbH &amp; Co. KG Herstellung Vertrieb diätetischen, kosmetischen pharmazeutischen Produkten » Home Login / Register | Your account | Shopping Cart | Cash box Search Literature Products Cosmetics Dietary Supplement Essential/fatty oils Shipping &amp; Returns Privacy Notice General terms and conditions Imprint Contact Right of revocation Standard withdrawal form Newsletter Biofrid Cosmetic GmbH &amp; Co.KG Hasseler Steinweg 9 27318 Hoya Postfach 1355 27316 Hoya Telefon 04251 9352-396 Telefax 04251 9352-290 Social Bookmarks General terms and conditions General terms and conditions § 1 Scope of application The following General Terms and Conditions as defined at the time order is placed shall apply exclusively to all business relations with the purchaser for orders via the internet shop. § 2 Conclusion of contract The presentation of our products our web presence comprises merely invitation to the customer to submit contract offer. By placing his order, the customer submits offer within the meaning of §145 German Civil Code (BGB, Bürgerliches Gesetzbuch). The customer receive email confirming receipt of the order. If necessary, we inform the customer about potential errors the specifications of the product range on our website and present corresponding counteroffer to the customer. The customer waives the receipt of declaration of acceptance, §141 para. 1 German Civil Code. The contract with us is concluded, if we accept the offer of the customer within 10 days writing or text form or deliver the ordered goods, or if the customer pays advance. In the case of advance payment, we declare acceptance of the contract upon the customer’s advance payment, if this payment is made within 10 days of placing the order. § 3 Bearing of the shipping costs if the right of withdrawal is exercised: If the right of withdrawal is exercised, we reimburse all payments we have received from you including shipping charges (with the exception of additional charges which result from your choosing shipping method different from the cheapest standard shipping method offered by us), without delay and no later than fourteen days from the day that the notice of your withdrawal from this contract received by us. For this refund, we use the same payment method which used by you the original transaction, unless we explicitly made other arrangements with you. In no case you be charged any fees for this refund. We may refuse the reimbursement until we have received back the goods or until you have provided proof that the goods have been sent, depending on which ever occurs first. You shall bear the immediate cost for the returning of the goods. § 4 Delivery, Delivery costs, Risk transfer The goods are shipped at the delivery costs listed for each individual case. Provided that the customer is consumer, we bear the shipping risk regardless of the mode of shipment any case. If the customer is business, all risks and dangers of shipment are transferred to the customer, as soon as we have handed over the goods to the assigned forwarding agent. § 5  Retention of Title The delivered goods shall remain our property until full payment of the purchase price has been received. § 6  Warranty Warranty is subject to the legal regulations. § 7 Consumer information regarding distance sales contracts on the purchase of goods We are not subject to special and not aforementioned codes of conduct. Any input errors your order can be detected at the final confirmation before check-out and corrected at any time by means of the deleting and changing feature before final placement of the order. For the essential characteristics of the products presented by us as well as the period of validity for restricted offers, please refer to the individual product descriptions on our web site. German is the exclusive language offered for the conclusion of the contract. Complaints and warranty claims can be submitted to the address as stated at supplier information. To print the contract text, please use the print function of your browser. The contract text is not available to customers for orders our web shop. Further, the contract text is saved by us. For information on payment, delivery or fulfillment, please refer to the offer itself. After conclusion of the contract, you receive automatic e-mail containing further information on the processing of the contract. The e-mail comprises order number, which has to be quoted the bank transfer of the invoice amount due. As rule, this order number not correspond to the invoice number. § 8 Miscellaneous The contractual relationships with the customer as well as the respective general terms and conditions are governed exclusively by the law of the Federal Republic of Germany. Provided that the customer is consumer, the valid legal provisions and rights the country of residence of the customer existing favour of the consumer not be affected or impaired by this agreement. Application of the United Nations Convention on Contracts for the International Sale of Goods (CISG) is excluded. The exclusive place of jurisdiction is the court of our place of business if the customer is merchant the sense of the German Commercial Code or corporation under public law. We are entitled to take action at the court of the customer. § 9 Severability Clause If individual clauses of this contract are or become totally or partially invalid, this not affect the validity of the remaining parts of the contract. Print this page Powered by First-Web * Gilt für Lieferungen Deutschland. Lieferzeiten für Länder Informationen Berechnung Liefertermins siehe </fragment> </item> <item> <fragment> Shipping &amp; Returns - Biofrid-Cosmetic GmbH &amp; Co. KG Herstellung Vertrieb diätetischen, kosmetischen pharmazeutischen Produkten » Home Login / Register | Your account | Shopping Cart | Cash box Search Literature Products Cosmetics Dietary Supplement Essential/fatty oils Shipping &amp; Returns Privacy Notice General terms and conditions Imprint Contact Right of revocation Standard withdrawal form Newsletter Biofrid Cosmetic GmbH &amp; Co.KG Hasseler Steinweg 9 27318 Hoya Postfach 1355 27316 Hoya Telefon 04251 9352-396 Telefax 04251 9352-290 Social Bookmarks Shipping &amp; Returns Delivery within Germany (incl. VAT) : The goods are delivered free of shipping costs, if the order value exceeds 110,00 EUR. Otherwise, we charge according to the following schedule corresponding to the weight of the ordered goods. Delivery within Germany is by GLS. Gewichtsklasse Versandkosten (inkl. MwSt.) up to 1,0 kg 4,20 € over 1,0 kg up to 2,0 kg 4,60 € over 2,0 kg up to 5,0 kg 4,90 € over 5,0 kg up to 10,0 kg 5,60 € over 10,0 kg up to 25,0 kg 8,50 € over 25,0 kg up to 30,0 kg 9,20 € over 30,0 kg up to 40,0 kg 15,90 € Delivery to Europe and the world (incl. VAT) : Outside Germany, delivery is by Deutsche Post, GLS and DHL. In shipments up to 2 kg, 500 is added for packaging. In shipments from 2 kg, 25% of the ordered weight is added for packaging. Delivery Zone 1 Zone 2 Zone 3 Zone 4 up to          1 kg 17,00 € 17,00 € 17,00 € 17,00 € over    1 kg- 2 kg 27,00 € 27,00 € 27,00 € 27,00 € over    2 kg- 5 kg 18,00 € 32,00 € 38,00 € 45,00 € over   5 kg-10 kg 24,00 € 37,00 € 50,00 € 62,00 € over 10 kg-20 kg 34,00 € 52,00 € 71,00 € 95,00 € Note: as general rule, we ship items up to 2 kg as maxi letter, and items starting at 2 kg as parcel. This way, parcel tracking is possible. Thus, Zone 1 there would be 18.00 EUR of postal charges for parcels up to 5 kg. For further questions this regard, please do not hesitate to contact us. Zone 1: Europe I Andorra, Austria, Azores, Belgium, Czech Republic, Denmark, Faroe Islands (DK), Finland, France, Great Britain, Greece, Greenland, Guernsey, Ireland, Italy, Jersey, Liechtenstein, Luxembourg, Monaco, Netherlands, Poland, Portugal, San Marino, Slovakia, Spain (including Balearics), Sweden, Vatican City. Zone 2: Europe II Albania, Armenia, Azerbaijan, Belarus, Bosnia-Herzegovina, Bulgaria, Canary Islands, Croatia, Cyprus, Estonia, Georgia, Iceland, Kazakhstan, Kosovo, Latvia, Lithuania, Macedonia, Malta, Montenegro, Norway, Romania, Russian Federation, Switzerland, Serbia, Turkey, Ukraine, Yugoslavia. Zone 3: World I Algeria, Bahrain, Canada, Egypt, Iraq, Iran, Israel, Jordan, Kuwait, Lebanon, Libya, Morocco, Oman, Qatar, Saudi Arabia, St. Pierre and Miquelon, Syria, Tunisia, United Arab Emirates, United States of America, Yemen. Zone 4: World II All countries and territories not covered by zones 1, 2 or 3. Should your country of destination not be among the other regions, it belongs to this zone. Powered by First-Web * Gilt für Lieferungen Deutschland. Lieferzeiten für Länder Informationen Berechnung Liefertermins siehe </fragment> </item> <item> <fragment> Dietary Supplement - Biofrid-Cosmetic GmbH &amp; Co. KG Herstellung Vertrieb diätetischen, kosmetischen pharmazeutischen Produkten » Home Login / Register | Your account | Shopping Cart | Cash box Search Literature Products Cosmetics Dietary Supplement Essential/fatty oils Shipping &amp; Returns Privacy Notice General terms and conditions Imprint Contact Right of revocation Standard withdrawal form Newsletter Biofrid Cosmetic GmbH &amp; Co.KG Hasseler Steinweg 9 27318 Hoya Postfach 1355 27316 Hoya Telefon 04251 9352-396 Telefax 04251 9352-290 Social Bookmarks Dietary Supplement Alkala® S Powder Details from 16,50 EUR incl. 7 % Tax excl. Shipping costs Shipping time:3-7 working days* Arginin-diet Biofrid Details from 11,90 EUR incl. 7 % Tax excl. Shipping costs Shipping time:3-7 working days* EPALIPID® Details from 17,50 EUR incl. 7 % Tax excl. Shipping costs Shipping time:3-7 working days* Fish Oil Capsules Biofrid Details from 10,70 EUR incl. 7 % Tax excl. Shipping costs Shipping time:3-7 working days* Nachtkerzenöl Kapseln Details from 10,20 EUR incl. 7 % Tax excl. Shipping costs Shipping time:3-7 working days* Probikehl Details from 10,90 EUR incl. 7 % Tax excl. Shipping costs Shipping time:3-7 working days* RMS Biofrid Details from 18,00 EUR incl. 7 % Tax excl. Shipping costs Shipping time:3-7 working days* Selen-Biofrid Details from 5,50 EUR incl. 7 % Tax excl. Shipping costs Shipping time:3-7 working days* Zinc-diet Biofrid Details from 9,00 EUR incl. 7 % Tax excl. Shipping costs Shipping time:3-7 working days* Show 1 to 9 (of total 9 products) Sites: 1 Powered by First-Web * Gilt für Lieferungen Deutschland. Lieferzeiten für Länder Informationen Berechnung Liefertermins siehe </fragment> </item> <item> <fragment> Ringelblumen Creme Biofrid - Biofrid-Cosmetic GmbH &amp; Co. KG Herstellung Vertrieb diätetischen, kosmetischen pharmazeutischen Produkten » Startseite Login / Registrierung | Ihre persönliche Seite | Warenkorb | Kasse Suche Literatur Produkte Ätherische/fette Öle Kosmetik Nahrungsergänzung/erg.bil. Diät Liefer- Versandkosten Datenschutz Unsere AGB Impressum Kontakt Widerrufsrecht Widerrufsformular Newsletter Biofrid Cosmetic GmbH &amp; Co.KG Hasseler Steinweg 9 27318 Hoya Postfach 1355 27316 Hoya Telefon 04251 9352-396 Telefax 04251 9352-290 Social Bookmarks [&lt;&lt;Erstes] [&lt;zurück] [weiter&gt;] [Letztes&gt;&gt;] 48 Artikel Kategorie Ringelblumen Creme Biofrid bisheriges Design Inhalt: 100 ml Art.Nr.: 24520100 PZN: 4255955 Preis: 6,90 EUR PAngV: 6,90 EUR pro 100 ml Gewicht: 0.14 Kg Ab 6,90 EUR incl. 19 % UST exkl. Versandkosten Lieferzeit: 3-7 Werktage* Art Produkts: Creme Beschreibung: Energiespendende Haut- Körperpflege für Hauttyp Calendula officinalis erhöht Widerstandsfähigkeit Haut schafft Ausgleich Feuchtigkeitsmangel. Sie wirkt restrukturierend unterstützt natürlichen Regenerationsprozess. Ringelblumen Creme Biofrid bietet wertvollen Zusätzen Calendula officinalis, echtem Bienenwachs, Glycerin, Allantoin, Hamamelis Hautschutzvitaminen A E optimale 24-Stunden-Versorgung allem, Umwelteinflüsse strapazierte Haut benötigt. Durch geschmeidige, fettende Konsistenz eignet Ringelblumen Creme Biofrid Gesichts- Ganzkörperpflege. Der Zusatz Beta-Carotin (Provitamin A) dient natürlicher UV-Filter. Inhaltsstoffe: Water (aqua), Isopropyl palmitate, Polyglyceryl-2 Sesquiisostearate, Mineral Oil (paraffinum liquidum), Microcrystalline Wax (cera microcristallina), Paraffin, Magnesium Stearate, Beeswax (cera alba), Aluminum Stearate, Polyethylene, Soybean (glycine soja) oily extract, Calendula (calendula officinalis), PEG-7 Hydrogenated Castor Oil, Glycerin, Beeswax (cera flava), Propylene Tocopheryl Acetate, Retinyl Palpitate, Bisabolol 100, Fragrance (parfum), Benzyl Alcohol, Methylchloroisothiazolinone, Methylisothiazolinone, Beta Carotene, Allantoin Kunden, Artikel kauften, folgende Artikel gekauft: Nachtkerzenöl Kapseln Ab 10,20 EUR incl. 7 % UST exkl. Versandkosten Didier® Badeperlen Germanium Ab 19,90 EUR incl. 19 % UST exkl. Versandkosten Rosengeranienöl, kbA Ab 7,70 EUR incl. 19 % UST exkl. Versandkosten Arginin-diet Biofrid Ab 11,90 EUR incl. 7 % UST exkl. Versandkosten Majoranöl, kbA Ab 6,90 EUR incl. 19 % UST exkl. Versandkosten Thymianöl (linalol), kbA Ab 11,40 EUR incl. 19 % UST exkl. Versandkosten Powered by First-Web * Gilt für Lieferungen Deutschland. Lieferzeiten für Länder Informationen Berechnung Liefertermins siehe </fragment> </item> <item> <fragment> Propolis Creme Biofrid - Biofrid-Cosmetic GmbH &amp; Co. KG Herstellung Vertrieb diätetischen, kosmetischen pharmazeutischen Produkten » Startseite Login / Registrierung | Ihre persönliche Seite | Warenkorb | Kasse Suche Literatur Produkte Ätherische/fette Öle Kosmetik Nahrungsergänzung/erg.bil. Diät Liefer- Versandkosten Datenschutz Unsere AGB Impressum Kontakt Widerrufsrecht Widerrufsformular Newsletter Biofrid Cosmetic GmbH &amp; Co.KG Hasseler Steinweg 9 27318 Hoya Postfach 1355 27316 Hoya Telefon 04251 9352-396 Telefax 04251 9352-290 Social Bookmarks [&lt;&lt;Erstes] [&lt;zurück] [weiter&gt;] [Letztes&gt;&gt;] 48 Artikel Kategorie Propolis Creme Biofrid 100 ml bisheriges Design Inhalt: 100 ml Art.Nr.: 24020100 PZN: 4255949 Preis: 6,90 EUR PAngV: 6,90 EUR pro 100 ml Gewicht: 0.15 Kg Ab 6,90 EUR incl. 19 % UST exkl. Versandkosten Lieferzeit: 3-7 Werktage* Art Produkts: Creme Beschreibung: Optimaler Schutz für beanspruchte Entzündungen neigende Haut Propolis altbewährter Kosmetikzusatz wertvollen Inhaltsstoffen Eisen, Zink, Magnesium Provitamin A E. Propolis Creme Biofrid enthält Propolis Zusätze Arnica montana, Allantoin, Glycerin Bienenwachs, Zusammensetzung Pflege regenerationsbedürftigen Haut fein abgestimmt sind. Propolis Creme Biofrid eignet Pflege spröder gereizter Problemhaut, Sonnenbad. Inhaltsstoffe: Aqua, Paraffinum Liquidum, Polyethylene, Isopropyl Palmitate, Polyglyceryl-2-Sesquiisostearate, Cera Microcristallina, Paraffin, Magnesium Stearate, Cera Alba, Aluminum Stearate, Glycine Soja, Arnica Montana, PEG-7 Hydrogenated Castor Oil, Glycerin, Cera Flava, Propolis Cera, Propylene Glycol, Magnesium Sulfate, Benzyl Alcohol, Methylchloroisothiazolinone, Methylisothiazolinone, Allantoin, Butylphenyl Methylpropional, Alpha-Isomethyl Ionone, Benzyl Benzoate, Citronellol, Geraniol, Hexyl Cinnamal, Hydroxycitronellal, Linalool. Kunden, Artikel kauften, folgende Artikel gekauft: Arginin-diet Biofrid Ab 11,90 EUR incl. 7 % UST exkl. Versandkosten Majoranöl, kbA Ab 6,90 EUR incl. 19 % UST exkl. Versandkosten Zitronenöl, kbA Ab 6,50 EUR incl. 19 % UST exkl. Versandkosten Thymianöl (linalol), kbA Ab 11,40 EUR incl. 19 % UST exkl. Versandkosten RMS Biofrid Ab 18,00 EUR incl. 7 % UST exkl. Versandkosten Fischöl Kapseln Biofrid Ab 10,70 EUR incl. 7 % UST exkl. Versandkosten Powered by First-Web * Gilt für Lieferungen Deutschland. Lieferzeiten für Länder Informationen Berechnung Liefertermins siehe </fragment> </item> <item> <fragment> Didier® Nachtkerzen-Vitamin E-Creme - Biofrid-Cosmetic GmbH &amp; Co. KG Herstellung Vertrieb diätetischen, kosmetischen pharmazeutischen Produkten » Startseite Login / Registrierung | Ihre persönliche Seite | Warenkorb | Kasse Suche Literatur Produkte Ätherische/fette Öle Kosmetik Nahrungsergänzung/erg.bil. Diät Liefer- Versandkosten Datenschutz Unsere AGB Impressum Kontakt Widerrufsrecht Widerrufsformular Newsletter Biofrid Cosmetic GmbH &amp; Co.KG Hasseler Steinweg 9 27318 Hoya Postfach 1355 27316 Hoya Telefon 04251 9352-396 Telefax 04251 9352-290 Social Bookmarks [&lt;&lt;Erstes] [&lt;zurück] [weiter&gt;] [Letztes&gt;&gt;] 48 Artikel Kategorie Didier® Nachtkerzen-Vitamin E-Creme bisheriges Design (120 ml) Inhalt: 100 ml Art.Nr.: 98403 PZN: 9372677 Preis: 7,50 EUR PAngV: 7,50 EUR pro 100 ml Gewicht: 0.14 Kg Ab 7,50 EUR incl. 19 % UST exkl. Versandkosten Lieferzeit: 3-7 Werktage* Art Produkts: Creme Beschreibung: Die Wirkung Nachkerzenöls kannten Indianer Nordamerikas: Sie sammelten Samen, zerstampfen Brei Hautausschläge einzusetzen. Dieses Öl reich wertvollen, essentiellen Fettsäuren. Speziell Nachtkerzenöl enthaltene Gamma-Linolensäure ausreichend Körper gebildet. Viele Menschen leiden zudem trockener, schuppiger Haut. Die Anwendung Nachtkerzenöl spendet nötige Feuchtigkeit verleiht Haut gepflegtes Aussehen. Die Haut zart geschmeidig. Auch Schuppenflechte Neurodermitis Öl Nachtkerze unterstützenden Pflege geeignet. Didier® Nachtkerzen-Vitamin E-Creme bietet normalen, trockenen, empfindlichen reifen, frühzeitiger Hautalterung neigenden Haut optimalen Schutz gegenüber schädlichen Umwelteinflüssen verleiht gepflegtes Aussehen strahlenden Teint. Wertvolle Inhaltsstoffe pflegen Haut umfassend glatt geschmeidig. Die Creme schützt Feuchtigkeitsverlust wirkt Austrocknung Haut entgegen. So hilft sie, natürliche Zartheit Elastizität aufrechtzuerhalten. Tragen Sie Didier® Nachtkerzen-Vitamin E-Creme abends Gesicht, Hals Dekolleté massieren sanft ein. Hinweis: • verleiht Haut gepflegtes Aussehen strahlenden Teint • schützt Feuchtigkeitsverlust wirkt Austrocknung Haut entgegen Nachtkerzen-Vitamin E Creme eignet feuchtigkeitsspendende Gesichtsmaske. Tragen Sie Creme großzügig Gesicht Hals auf. Die Haut zart geschmeidig. Inhaltsstoffe: Water (aqua), Isopropyl Palpitate, Polyglyceryl-2 Sesquiisostearate, Mineral Oil (paraffinum liquidum), Microcrystalline Wax (cera microcristallina), Paraffin, Magnesium Stearate, Bees wax (cera alba), Aluminum Stearate, Polyethylene, Evening primrose (oenothera biennis) Oil, Tocopheryl Acetate, Glycerin, PEG-7 Hydrogenated Castor Oil, Bees Wax (cera flava), Magnesium Sulfate, Fragrance (parfum), Benzyl Alcohol, Methylchloroisothiazolinone, Methylisothiazolinone, Allantoin Kunden, Artikel kauften, folgende Artikel gekauft: Nachtkerzenöl Kapseln Ab 10,20 EUR incl. 7 % UST exkl. Versandkosten Didier® Badeperlen Germanium Ab 19,90 EUR incl. 19 % UST exkl. Versandkosten Zink-diet Biofrid Ab 9,00 EUR incl. 7 % UST exkl. Versandkosten Fischöl Kapseln Biofrid Ab 10,70 EUR incl. 7 % UST exkl. Versandkosten Majoranöl, kbA Ab 6,90 EUR incl. 19 % UST exkl. Versandkosten Thymianöl (linalol), kbA Ab 11,40 EUR incl. 19 % UST exkl. Versandkosten Powered by First-Web * Gilt für Lieferungen Deutschland. Lieferzeiten für Länder Informationen Berechnung Liefertermins siehe </fragment> </item> <item> <fragment> Didier® Nachtkerzen-Vitamin E Lotion - Biofrid-Cosmetic GmbH &amp; Co. KG Herstellung Vertrieb diätetischen, kosmetischen pharmazeutischen Produkten » Startseite Login / Registrierung | Ihre persönliche Seite | Warenkorb | Kasse Suche Literatur Produkte Ätherische/fette Öle Kosmetik Nahrungsergänzung/erg.bil. Diät Liefer- Versandkosten Datenschutz Unsere AGB Impressum Kontakt Widerrufsrecht Widerrufsformular Newsletter Biofrid Cosmetic GmbH &amp; Co.KG Hasseler Steinweg 9 27318 Hoya Postfach 1355 27316 Hoya Telefon 04251 9352-396 Telefax 04251 9352-290 Social Bookmarks [&lt;&lt;Erstes] [&lt;zurück] 48 Artikel Kategorie Didier® Nachtkerzen-Vitamin E Lotion Inhalt: 250 ml Art.Nr.: 05060250 PZN: 6983794 Preis: 10,60 EUR PAngV: 4,24 EUR pro 100 ml Gewicht: 0.3 Kg Ab 10,60 EUR incl. 19 % UST exkl. Versandkosten Lieferzeit: 3-7 Werktage* Art Produkts: Lotion Beschreibung: Milde, angenehm duftende Körperlotion für Hauttyp • schützt Feuchtigkeitsverlust Austrocknung • enthält Nachtkerzenöl, Vitamin E, Hamamelisextrakt, Glycerin Allantoin • bietet optimalen Schutz gegenüber schädlichen Umwelteinflüssen &amp; wirkt vorzeitiger Hautalterung entgegen Nachtkerzen-Vitamin E Lotion schützt Haut Feuchtigkeitsverlust wirkt Austrocknung entgegen. Wertvolle Inhaltsstoffe Nachtkerzenöl, Vitamin E, Hamamelisextrakt, Glycerin Allantoin pflegen Haut umfassend glatt geschmeidig. Regelmäßig angewandt, bietet Nachtkerzen-Vitamin E Lotion optimalen Schutz gegenüber schädlichen Umwelteinflüssen beugt vorzeitiger Hautalterung vor. Die natürliche Zartheit Elastizität Haut bleibt länger erhalten. Wenden Sie Körperlotion täglich Baden, Duschen Sonnenbaden massieren Sie sanft Haut ein. Inhalt: 250 ml Spender Inhaltsstoffe: Water (aqua), Mineral Oil (paraffinum liquidum), Isopropyl Palmitate, Trilaureth-4 Phosphate, Glycerin, Evening Primrose (oenothera biennis) Oil, Tocopheryl Acetate, Sodium Carbomer, Caprylic/Capric Triglyceride, Propylene Glycol, Witch Hazel (hamamelis virginiana), Alcohol denat., Fragrance (parfum), Decyl Oleate, Allantoin, Benzyl Alcohol, Konservierungsstoff, Methychloroisothiazolinone, Methylisothiazolinone Kunden, Artikel kauften, folgende Artikel gekauft: Didier® Badeperlen Germanium Ab 19,90 EUR incl. 19 % UST exkl. Versandkosten Zink-diet Biofrid Ab 9,00 EUR incl. 7 % UST exkl. Versandkosten Selen-Biofrid Ab 5,50 EUR incl. 7 % UST exkl. Versandkosten Rosengeranienöl, kbA Ab 7,70 EUR incl. 19 % UST exkl. Versandkosten Cajeputöl, kbA Ab 6,90 EUR incl. 19 % UST exkl. Versandkosten RMS Biofrid Ab 18,00 EUR incl. 7 % UST exkl. Versandkosten Powered by First-Web * Gilt für Lieferungen Deutschland. Lieferzeiten für Länder Informationen Berechnung Liefertermins siehe </fragment> </item> <item> <fragment> Didier® Hautcreme Germanium - Biofrid-Cosmetic GmbH &amp; Co. KG Herstellung Vertrieb diätetischen, kosmetischen pharmazeutischen Produkten » Startseite Login / Registrierung | Ihre persönliche Seite | Warenkorb | Kasse Suche Literatur Produkte Ätherische/fette Öle Kosmetik Nahrungsergänzung/erg.bil. Diät Liefer- Versandkosten Datenschutz Unsere AGB Impressum Kontakt Widerrufsrecht Widerrufsformular Newsletter Biofrid Cosmetic GmbH &amp; Co.KG Hasseler Steinweg 9 27318 Hoya Postfach 1355 27316 Hoya Telefon 04251 9352-396 Telefax 04251 9352-290 Social Bookmarks [&lt;&lt;Erstes] [&lt;zurück] [weiter&gt;] [Letztes&gt;&gt;] 48 Artikel Kategorie Didier® Hautcreme Germanium Inhalt: 50 ml Art.Nr.: 27020050 PZN: 3919005 Preis: 19,90 EUR PAngV: 39,80 EUR pro 100 ml Gewicht: 0.16 Kg Ab 19,90 EUR incl. 19 % UST exkl. Versandkosten Lieferzeit: 3-7 Werktage* Art Produkts: Creme Verwendungszweck: Ausgleichende Feuchtigkeitscreme für Hauttyp Sanumgerman Beschreibung: • verleiht gepflegtes Aussehen strahlenden Teint • spendet Feuchtigkeit für empfindliche Haut geeignet • enthält Germanium, Nachtkerzenöl, Allantoin, Vitamin E Panthenol Didier® Hautcreme Germanium hochwertige Feuchtigkeitscreme Tages- Nachtpflege für Hauttyp eignet insbesondere für reife empfindliche Haut. Die Kombination Sanumgerman Nachtkerzenöl Haut straffenden Feuchtigkeit spendenden Eigenschaften sorgt für Kräftigung Hautstruktur. Wertvolle Zusätze Vitamin E, Allantoin Panthenol runden perfekte Dosierung ausgleichenden Pflegecreme ab. Die fettende, zart schmelzende Creme Haut glatt geschmeidig verleiht strahlendes Aussehen. Zur Steigerung pflegenden Wirkung empfehlen zusätzlich Verwendung Didier® Badeperlen Germanium . Zur Steigerung pflegenden Wirkung empfehlen zusätzlich Verwendung Didier® Badeperlen Germanium. Anwendung: Morgens abends sparsam Gesicht, Hals Dekolleté auftragen sanft einmassieren. Hinweis: Parfum Inhaltsstoffe: Aqua (Water), Cocos Nucifera (Coconut) Oil, Aloe Barbadensis Leaf Juice, Cetearyl Alcohol, Macadamia Integrifolia Seed Oil, Butyrospermum Parkii (Shea) Butter, Glycerin, Dicaprylyl Ether, Argania Spinosa Kernel Oil, Glyceryl Stearate, Panthenol, Tocopheryl Acetate, Cetearyl Glucoside, Oenothera Biennis (Eyening Primrose) Oil, Germanium-Citrate-Lactate Powder, Sodium Hyaluronate, Allantoin, Helianthus Annuus (Sunflower) Seed Oil, Glyceryl Caprylate, Medicago Sativa (Alfalfa) Extract, Sodium Stearoyl Glutamate, Sodium Levulinate, Levulinic Acid, Tocopherol, Ascorbyl Palmitate, Sodium Phytate, Alcohol, Citric Acid, Sodium Benzoate, Potassium Sorbate. Kunden, Artikel kauften, folgende Artikel gekauft: Cajeputöl, kbA Ab 6,90 EUR incl. 19 % UST exkl. Versandkosten Rosengeranienöl, kbA Ab 7,70 EUR incl. 19 % UST exkl. Versandkosten Palmarosaöl, kbA Ab 5,90 EUR incl. 19 % UST exkl. Versandkosten Jojobaöl, kbA Ab 6,90 EUR incl. 19 % UST exkl. Versandkosten Zink-diet Biofrid Ab 9,00 EUR incl. 7 % UST exkl. Versandkosten Selen-Biofrid Ab 5,50 EUR incl. 7 % UST exkl. Versandkosten Powered by First-Web * Gilt für Lieferungen Deutschland. Lieferzeiten für Länder Informationen Berechnung Liefertermins siehe </fragment> </item> <item> <fragment> Didier® Badeperlen Germanium (Beutel) - Biofrid-Cosmetic GmbH &amp; Co. KG Herstellung Vertrieb diätetischen, kosmetischen pharmazeutischen Produkten » Startseite Login / Registrierung | Ihre persönliche Seite | Warenkorb | Kasse Suche Literatur Produkte Ätherische/fette Öle Kosmetik Nahrungsergänzung/erg.bil. Diät Liefer- Versandkosten Datenschutz Unsere AGB Impressum Kontakt Widerrufsrecht Widerrufsformular Newsletter Biofrid Cosmetic GmbH &amp; Co.KG Hasseler Steinweg 9 27318 Hoya Postfach 1355 27316 Hoya Telefon 04251 9352-396 Telefax 04251 9352-290 Social Bookmarks [&lt;&lt;Erstes] [&lt;zurück] [weiter&gt;] [Letztes&gt;&gt;] 48 Artikel Kategorie Didier® Badeperlen Germanium (Beutel) Inhalt: 200 Perlen Art.Nr.: 27535200 Preis: 191,60 EUR PAngV: 0,96 EUR pro Stück Gewicht: 0.9 Kg Ab 191,60 EUR incl. 19 % UST exkl. Versandkosten Lieferzeit: 3-7 Werktage* Art Produkts: Badeperlen Beschreibung: Entspannung Pflege einem. Didier® Badeperlen Germanium für Hauttyp verträglich. Didier® Badeperlen Germanium ausgewählten Inhaltsstoffen hochwertige Pflege für Ihre Haut, wohltuende Art nachhaltig angeregt belebt. Sanumgerman gehört wichtigsten Bestandteilen ausgewogenen pflegenden Komposition, erstmalig Firmengruppe patentiert wurde. Die wohltuenden Inhaltsstoffe Didier® Badeperlen Germanium verteilen Auflösen Kapseln angenehm Hautfläche. Das Zusammenspiel wohlig warmen Bades Didier® Badeperlen Germanium führt entspannenden nachhaltig hautpflegenden Wirkung. Germanium Badeperlen wahre "Perlen", die, regelmäßig angewendet, beitragen, Spannkraft Frische wiederzugewinnen bewahren. Anwendung: 1x wöchentlich Vollbad 1–2 Didier® Badeperlen Hinweis: Zur Steigerung pflegenden Wirkung empfehlen zusätzlich Verwendung Didier® Hautcreme Germanium . Inhalt: 100 / 200 Badeperlen Beutel Inhaltsstoffe: Isopropyl Myristate, Gelatin, Parfum, Silica, Glycerin, Germanium-Citrate-Lactate Powder, Linalool, Limonene, Hexyl Cinnamal, Citronellol, Cinnamyl Alcohol, Eugenol, Alpha-Isomethyl Ionone, Hydroxyisohexyl 3-Cyclohexene Carboxaldehyde, Ethylparaben, Propylparaben, Denatonium Benzoate, CI 77492 Kunden, Artikel kauften, folgende Artikel gekauft: Didier® Nachtkerzen-Vitamin E Lotion Ab 10,60 EUR incl. 19 % UST exkl. Versandkosten Teebaumöl, kbA Ab 6,90 EUR incl. 19 % UST exkl. Versandkosten Zedernöl, kbA Ab 8,50 EUR incl. 19 % UST exkl. Versandkosten Didier® Badeperlen Germanium Ab 19,90 EUR incl. 19 % UST exkl. Versandkosten Zimtblätteröl, kbA Ab 4,00 EUR incl. 19 % UST exkl. Versandkosten Didier® Hautcreme Germanium Ab 19,90 EUR incl. 19 % UST exkl. Versandkosten Powered by First-Web * Gilt für Lieferungen Deutschland. Lieferzeiten für Länder Informationen Berechnung Liefertermins siehe </fragment> </item> <item> <fragment> Didier® Badeperlen Germanium - Biofrid-Cosmetic GmbH &amp; Co. KG Herstellung Vertrieb diätetischen, kosmetischen pharmazeutischen Produkten » Startseite Login / Registrierung | Ihre persönliche Seite | Warenkorb | Kasse Suche Literatur Produkte Ätherische/fette Öle Kosmetik Nahrungsergänzung/erg.bil. Diät Liefer- Versandkosten Datenschutz Unsere AGB Impressum Kontakt Widerrufsrecht Widerrufsformular Newsletter Biofrid Cosmetic GmbH &amp; Co.KG Hasseler Steinweg 9 27318 Hoya Postfach 1355 27316 Hoya Telefon 04251 9352-396 Telefax 04251 9352-290 Social Bookmarks [&lt;&lt;Erstes] [&lt;zurück] [weiter&gt;] [Letztes&gt;&gt;] 48 Artikel Kategorie Didier® Badeperlen Germanium Inhalt: 15 Perlen Art.Nr.: 27535015 PZN: 3919011 Preis: 19,90 EUR PAngV: 1,33 EUR pro Stück Gewicht: 0.33 Kg Ab 19,90 EUR incl. 19 % UST exkl. Versandkosten Lieferzeit: 3-7 Werktage* Art Produkts: Badeperlen Beschreibung: Entspannung Pflege einem. Didier® Badeperlen Germanium für Hauttyp verträglich. Didier® Badeperlen Germanium ausgewählten Inhaltsstoffen hochwertige Pflege für Ihre Haut, wohltuende Art nachhaltig angeregt belebt. Sanumgerman gehört wichtigsten Bestandteilen ausgewogenen pflegenden Komposition, erstmalig Firmengruppe patentiert wurde. Die wohltuenden Inhaltsstoffe Didier® Badeperlen Germanium verteilen Auflösen Kapseln angenehm Hautfläche. Das Zusammenspiel wohlig warmen Bades Didier® Badeperlen Germanium führt entspannenden nachhaltig hautpflegenden Wirkung. Germanium Badeperlen wahre "Perlen", die, regelmäßig angewendet, beitragen, Spannkraft Frische wiederzugewinnen bewahren. Anwendung: 1x wöchentlich Vollbad 1–2 Didier® Badeperlen Hinweis: Zur Steigerung pflegenden Wirkung empfehlen zusätzlich Verwendung Didier® Hautcreme Germanium . Inhalt: Schmuckglas 15 Badeperlen Inhaltsstoffe: Isopropyl Myristate, Gelatin, Parfum, Silica, Glycerin, Germanium-Citrate-Lactate Powder, Linalool, Limonene, Hexyl Cinnamal, Citronellol, Cinnamyl Alcohol, Eugenol, Alpha-Isomethyl Ionone, Hydroxyisohexyl 3-Cyclohexene Carboxaldehyde, Ethylparaben, Propylparaben, Denatonium Benzoate, CI 77492 Kunden, Artikel kauften, folgende Artikel gekauft: Ringelblumen Creme Biofrid Ab 6,90 EUR incl. 19 % UST exkl. Versandkosten Didier® Nachtkerzen-Vitamin E Lotion Ab 10,60 EUR incl. 19 % UST exkl. Versandkosten Arnica Creme Biofrid Ab 6,90 EUR incl. 19 % UST exkl. Versandkosten Didier® Nachtkerzen-Vitamin E-Creme Ab 7,50 EUR incl. 19 % UST exkl. Versandkosten Zitronenöl, kbA Ab 6,50 EUR incl. 19 % UST exkl. Versandkosten Mandarinenöl (rot) kbA Ab 7,70 EUR incl. 19 % UST exkl. Versandkosten Powered by First-Web * Gilt für Lieferungen Deutschland. Lieferzeiten für Länder Informationen Berechnung Liefertermins siehe </fragment> </item> <item> <fragment> Arnica Creme Biofrid - Biofrid-Cosmetic GmbH &amp; Co. KG Herstellung Vertrieb diätetischen, kosmetischen pharmazeutischen Produkten » Startseite Login / Registrierung | Ihre persönliche Seite | Warenkorb | Kasse Suche Literatur Produkte Ätherische/fette Öle Kosmetik Nahrungsergänzung/erg.bil. Diät Liefer- Versandkosten Datenschutz Unsere AGB Impressum Kontakt Widerrufsrecht Widerrufsformular Newsletter Biofrid Cosmetic GmbH &amp; Co.KG Hasseler Steinweg 9 27318 Hoya Postfach 1355 27316 Hoya Telefon 04251 9352-396 Telefax 04251 9352-290 Social Bookmarks [&lt;&lt;Erstes] [&lt;zurück] [weiter&gt;] [Letztes&gt;&gt;] 48 Artikel Kategorie Arnica Creme Biofrid 100 ml bisheriges Design Inhalt: 100 ml Art.Nr.: 23520100 PZN: 4255932 Preis: 6,90 EUR PAngV: 6,90 EUR pro 100 ml Gewicht: 0.14 Kg Ab 6,90 EUR incl. 19 % UST exkl. Versandkosten Lieferzeit: 3-7 Werktage* Art Produkts: Creme Beschreibung: Optimaler Schutz für empfindliche Haut natürlichem UV-Filter Arnica montana Jahrhunderten erfolgreich eingesetzt. Überragende pflegende Eigenschaften, Hautirritationen, bedingen hohen Stellenwert Heilpflanze Kosmetik. Arnica Creme Biofrid enthält Arnica montana wertvolle Zusätze Kamille, Hamamelis, Beta-Carotin Bienenwachs ausgewogener Kombination. Sie vielseitigen Haut- Körperpflege empfohlen Bedürfnisse rauer, empfindlicher Haut abgestimmt. Inhaltsstoffe: Water (aqua), Isopropyl Palmitate, Polyglyceryl-2 Sesquiisostearate, Mineral Oil (paraffinum liquidum), Microcrystalline Wax (cera micorocristallina), Paraffin, Magnesium Stearate, Beeswax (cera alba), Aluminum Stearate, Polyethylene, Soybean (glycine soja) oily extract, Arnica Montana extract, PEG-7 Hydrogenated Castor Oil, Glycerin, Beeswax (cera flava), Propylene Glycol, Witch Hazel (hamamelis virginiana), Alcohol denat., Magnesium Sulfate, Beta Carotene, Bisabolol 100, Fragrance (parfum), Benzyl Alcohol, Methylchloroisothiazolinone, Methylisothiazolinone, Allantoin Kunden, Artikel kauften, folgende Artikel gekauft: Didier® Badeperlen Germanium Ab 19,90 EUR incl. 19 % UST exkl. Versandkosten Didier® Hautcreme Germanium Ab 19,90 EUR incl. 19 % UST exkl. Versandkosten Fischöl Kapseln Biofrid Ab 10,70 EUR incl. 7 % UST exkl. Versandkosten Arginin-diet Biofrid Ab 11,90 EUR incl. 7 % UST exkl. Versandkosten Nachtkerzenöl Kapseln Ab 10,20 EUR incl. 7 % UST exkl. Versandkosten EPALIPID® Ab 17,50 EUR incl. 7 % UST exkl. Versandkosten Powered by First-Web * Gilt für Lieferungen Deutschland. Lieferzeiten für Länder Informationen Berechnung Liefertermins siehe </fragment> </item> <item> <fragment> Cosmetics - Biofrid-Cosmetic GmbH &amp; Co. KG Herstellung Vertrieb diätetischen, kosmetischen pharmazeutischen Produkten » Home Login / Register | Your account | Shopping Cart | Cash box Search Literature Products Cosmetics Dietary Supplement Essential/fatty oils Shipping &amp; Returns Privacy Notice General terms and conditions Imprint Contact Right of revocation Standard withdrawal form Newsletter Biofrid Cosmetic GmbH &amp; Co.KG Hasseler Steinweg 9 27318 Hoya Postfach 1355 27316 Hoya Telefon 04251 9352-396 Telefax 04251 9352-290 Social Bookmarks Cosmetics Arnica Cream Biofrid Details from 6,90 EUR incl. 19 % Tax excl. Shipping costs Shipping time:3-7 working days* Calendula Cream Biofrid Details from 6,90 EUR incl. 19 % Tax excl. Shipping costs Shipping time:3-7 working days* Didier® Bath Pearls with Germanium Details from 19,90 EUR incl. 19 % Tax excl. Shipping costs Shipping time:3-7 working days* Didier® Bath Pearls with Germanium (bag) Details from 191,60 EUR incl. 19 % Tax excl. Shipping costs Shipping time:3-7 working days* Didier® Evening Primrose Vitamin E Creme Details from 7,50 EUR incl. 19 % Tax excl. Shipping costs Shipping time:3-7 working days* Didier® Evening Primrose Vitamin E Lotion Details from 10,60 EUR incl. 19 % Tax excl. Shipping costs Shipping time:3-7 working days* Didier® Skin Moisturising Cream with Germanium Details With improved formula on the basis of resources from controlled biological cultivation from 19,90 EUR incl. 19 % Tax excl. Shipping costs Shipping time:3-7 working days* Propolis Cream Biofrid Details from 6,90 EUR incl. 19 % Tax excl. Shipping costs Shipping time:3-7 working days* Show 1 to 8 (of total 8 products) Sites: 1 Powered by First-Web * Gilt für Lieferungen Deutschland. Lieferzeiten für Länder Informationen Berechnung Liefertermins siehe </fragment> </item> <item> <fragment> Kosmetik - Biofrid-Cosmetic GmbH &amp; Co. KG Herstellung Vertrieb diätetischen, kosmetischen pharmazeutischen Produkten » Startseite Login / Registrierung | Ihre persönliche Seite | Warenkorb | Kasse Suche Literatur Produkte Ätherische/fette Öle Kosmetik Nahrungsergänzung/erg.bil. Diät Liefer- Versandkosten Datenschutz Unsere AGB Impressum Kontakt Widerrufsrecht Widerrufsformular Newsletter Biofrid Cosmetic GmbH &amp; Co.KG Hasseler Steinweg 9 27318 Hoya Postfach 1355 27316 Hoya Telefon 04251 9352-396 Telefax 04251 9352-290 Social Bookmarks Kosmetik Arnica Creme Biofrid Details Ab 6,90 EUR incl. 19 % UST exkl. Versandkosten Lieferzeit:3-7 Werktage* Didier® Badeperlen Germanium Details Ab 19,90 EUR incl. 19 % UST exkl. Versandkosten Lieferzeit:3-7 Werktage* Didier® Badeperlen Germanium (Beutel) Details Ab 191,60 EUR incl. 19 % UST exkl. Versandkosten Lieferzeit:3-7 Werktage* Didier® Hautcreme Germanium Details Mit verbesserter Rezeptur Basis Rohstoffen kontrolliert biologischem Anbau Ab 19,90 EUR incl. 19 % UST exkl. Versandkosten Lieferzeit:3-7 Werktage* Didier® Nachtkerzen-Vitamin E Lotion Details Ab 10,60 EUR incl. 19 % UST exkl. Versandkosten Lieferzeit:3-7 Werktage* Didier® Nachtkerzen-Vitamin E-Creme Details Ab 7,50 EUR incl. 19 % UST exkl. Versandkosten Lieferzeit:3-7 Werktage* Propolis Creme Biofrid Details Ab 6,90 EUR incl. 19 % UST exkl. Versandkosten Lieferzeit:3-7 Werktage* Ringelblumen Creme Biofrid Details Ab 6,90 EUR incl. 19 % UST exkl. Versandkosten Lieferzeit:3-7 Werktage* Zeige 1 8 (von insgesamt 8 Artikeln) Seiten: 1 Powered by First-Web * Gilt für Lieferungen Deutschland. Lieferzeiten für Länder Informationen Berechnung Liefertermins siehe </fragment> </item> <item> <fragment> Nahrungsergänzung/erg.bil. Diät - Biofrid-Cosmetic GmbH &amp; Co. KG Herstellung Vertrieb diätetischen, kosmetischen pharmazeutischen Produkten » Startseite Login / Registrierung | Ihre persönliche Seite | Warenkorb | Kasse Suche Literatur Produkte Ätherische/fette Öle Kosmetik Nahrungsergänzung/erg.bil. Diät Liefer- Versandkosten Datenschutz Unsere AGB Impressum Kontakt Widerrufsrecht Widerrufsformular Newsletter Biofrid Cosmetic GmbH &amp; Co.KG Hasseler Steinweg 9 27318 Hoya Postfach 1355 27316 Hoya Telefon 04251 9352-396 Telefax 04251 9352-290 Social Bookmarks Nahrungsergänzung/erg.bil. Diät Alkala® S Pulver Details Ab 16,50 EUR incl. 7 % UST exkl. Versandkosten Lieferzeit:3-7 Werktage* Arginin-diet Biofrid Details Ab 11,90 EUR incl. 7 % UST exkl. Versandkosten Lieferzeit:3-7 Werktage* EPALIPID® Details Ab 17,50 EUR incl. 7 % UST exkl. Versandkosten Lieferzeit:3-7 Werktage* Fischöl Kapseln Biofrid Details Ab 10,70 EUR incl. 7 % UST exkl. Versandkosten Lieferzeit:3-7 Werktage* Nachtkerzenöl Kapseln Details Ab 10,20 EUR incl. 7 % UST exkl. Versandkosten Lieferzeit:3-7 Werktage* Probikehl Details Ab 10,90 EUR incl. 7 % UST exkl. Versandkosten Lieferzeit:3-7 Werktage* RMS Biofrid Details Ab 18,00 EUR incl. 7 % UST exkl. Versandkosten Lieferzeit:3-7 Werktage* Selen-Biofrid Details Ab 5,50 EUR incl. 7 % UST exkl. Versandkosten Lieferzeit:3-7 Werktage* Zink-diet Biofrid Details Ab 9,00 EUR incl. 7 % UST exkl. Versandkosten Lieferzeit:3-7 Werktage* Zeige 1 9 (von insgesamt 9 Artikeln) Seiten: 1 Powered by First-Web * Gilt für Lieferungen Deutschland. Lieferzeiten für Länder Informationen Berechnung Liefertermins siehe </fragment> </item> </root> 